2616 4792
190 356 233 423 56
423 352 459 415 Ρ.
485 351 522 413 Ρ.
547 347 700 421 STATll
725 346 1000 413 Tflssssetuos

234 483 345 550 Mater
356 504 364 545 :
377 479 414 544 in
424 475 477 544 his
489 473 626 570 aliquod
635 470 691 566 jus
703 469 890 542 execrabile
900 473 1021 538 castris

236 592 323 659 Huic
334 604 431 655 utero
442 603 531 655 est.»
547 583 685 676 Trepidi
696 586 803 651 visam
815 603 980 673 expavere
990 579 1150 673 manipli,
1181 586 1272 657 483
1292 584 1301 621 ·’

238 698 463 791 Auditamque
474 698 598 786 magis:
612 709 739 761 remeat
747 687 818 783 jam
831 692 954 756 missus
966 689 1111 757 Adrasto

238 810 400 892 Nuntius;
414 807 585 899 excipiunt
592 799 677 895 jussi
687 856 697 885 ,
709 800 905 894 mediosque
916 822 979 891 per
989 823 1089 868 enses

237 924 328 987 Dant
339 922 402 991 iter
413 945 421 984 ε
433 918 490 985 illa
501 916 604 983 duces
615 930 654 981 ut
664 916 814 1006 primum
825 913 980 1003 adspexit
990 911 1152 997 Achivos,

239 1028 429 1105 Clamorem
440 1022 647 1093 horrendum
659 1023 754 1091 luctu
765 1023 886 1090 furiata
897 1021 1053 1090 resolvit:

285 1170 299 1199 a
308 1114 613 1231 A1·goliciproceres
622 1187 630 1216 ,
638 1132 693 1202 hei
702 1136 777 1226 quis
786 1135 1025 1200 monstraverit
1031 1133 1181 1215 bostem,
1189 1145 1301 1215 490

241 1254 352 1335 Quem
364 1247 499 1339 peperi?
511 1268 659 1339 quanam
670 1246 857 1324 inveniam,
869 1240 953 1311 mihi
964 1240 1080 1325 dicite,
1094 1258 1211 1310 natum

240 1358 308 1429 sub
321 1356 460 1448 galeati»
476 1359 569 1425 venit
579 1357 730 1422 attonitae
740 1352 918 1421 Cadmeius
930 1351 1030 1421 heros

242 1467 384 1550 Obvius,
396 1484 432 1537 et
440 1485 572 1561 raptam
583 1467 729 1543 lacrimis
743 1466 966 1559 gaudentibus
977 1463 1117 1557 implet,

244 1577 445 1674 Solaturque
456 1595 592 1663 tenens,
604 1596 705 1673 atque
717 1580 805 1645 inter
816 1575 966 1668 singula,
978 1593 1142 1659 matrem,

246 1693 391 1758 Matrem
402 1693 514 1773 iterat,
525 1715 618 1758 nunc
629 1696 738 1783 ipsam
749 1713 888 1781 urgens,
901 1712 1078 1756 nunccara
1090 1697 1301 1755 sororunt

248 1804 405 1883 Pectora,
418 1826 524 1895 quum
536 1804 641 1869 mixta
652 1801 752 1868 fletus
764 1825 849 1868 anus
862 1800 1020 1893 adsperat
1031 1803 1098 1866 ira:
1195 1804 1301 1878 498

252 1940 266 1972 a
278 1910 366 1995 Quid
377 1910 496 1979 molles
508 1911 679 1994 lacrimas,
692 1910 950 2004 venerandaque
962 1914 1102 1976 nomina
1114 1910 1228 2000 lingis,

248 2028 320 2092 Rex
330 2026 466 2115 Argivo,
478 2023 582 2094 mihi?
594 2023 677 2118 quid
690 2022 775 2091 colla
786 2021 994 2116 amplexibus
1006 2020 1133 2104 ambis,

250 2135 466 2226 Invisamque
477 2138 556 2201 teris
568 2133 692 2201 ferrato
704 2150 840 2224 pectore
850 2135 1013 2197 matrem?

251 2248 349 2312 Tune
361 2244 417 2313 ille
429 2244 543 2312 exsilio
555 2249 681 2336 vagus?
696 2260 729 2310 et
741 2241 940 2320 miserabilis
952 2241 1099 2332 hospes?
1200 2251 1301 2306 505

252 2358 361 2442 Quem
372 2381 441 2429 non
453 2360 672 2448 per-moveas?
685 2354 782 2446 longe
795 2370 854 2420 tua
862 2350 956 2446 jussa
968 2348 1125 2420 cohortes

206 2559 249 2591 ma
258 2539 360 2609 judicat
373 2543 504 2614 (inpetus,
524 2561 604 2614 quare
619 2542 706 2608 delet,
751 2542 816 2594 uerit
829 2540 935 2594 bostem.
952 2545 1002 2592 Pro
1019 2549 1157 2591 monstrat.
1175 2535 1301 2589 Laura

207 2629 235 2668 et
252 2613 279 2665 ei
296 2617 410 2670 Admitti
426 2621 513 2688 jungit
533 2639 594 2671 cum
615 2620 707 2690 trepidi
787 2621 847 2688 492.
868 2620 1001 2671 Cadmeius
1013 2618 1092 2670 beros.
1105 2616 1301 2690 Polynicesae

207 2713 285 2746 versu
295 2694 357 2761 485.
788 2698 848 2768 494.
868 2699 997 2763 Matrem,
1012 2700 1135 2749 Matrem.
1152 2695 1301 2749 Anadiae

243 2771 303 2840 484.
323 2775 371 2825 Jus
382 2771 531 2826 execrabile.
544 2776 616 2842 Quia
626 2794 657 2826 ea
669 2776 708 2826 in·
752 2774 843 2847 plosis.
857 2777 950 2829 Saliari
960 2779 1030 2827 enim
1042 2794 1095 2825 non
1107 2787 1199 2844 potest
1211 2785 1301 2846 op!

208 2865 284 2904 cestu
310 2870 372 2903 cum
397 2852 451 2905 filio
475 2868 604 2925 genuerat
629 2854 708 2926 Poly·
753 2858 882 2907 tatissimo
895 2859 1011 2907 nomine.
1030 2859 1088 2907 Vet.
1102 2853 1194 2906 Schol.

208 2933 304 2983 nicem.
789 2935 850 3004 498.
868 2935 923 2985 Rex
931 2935 1035 3007 Argiue.
1045 2931 1277 3009 InvidioseArgi‘

244 3007 306 3075 485.
325 3009 396 3062 Huic
405 3024 485 3063 utero.
497 3012 551 3078 Qui
560 3012 651 3064 ambos
660 3013 710 3062 lm·
753 3033 815 3066 vum
829 3027 922 3080 vocat,
937 3032 991 3066 non
1005 3010 1180 3077 Thebanum,
1196 3014 1271 3083 quia

209 3102 345 3162 pecatores
358 3090 386 3140 in
395 3089 482 3141 lucem
493 3092 612 3163 protulit.
624 3093 725 3175 Finge,
755 3095 840 3164 copiis
854 3095 958 3164 Argivis
976 3095 1136 3157 instructus,
1156 3090 1266 3143 bellum

211 3180 255 3219 tur
271 3179 375 3219 uterum
391 3181 542 3235 ostentans,
561 3184 607 3222 aut
625 3172 711 3220 mani·
754 3175 847 3244 patriae
862 3172 1001 3225 inferebat.

210 3246 260 3300 bns
272 3247 433 3318 percutiens.
443 3248 503 3299 Vet.
514 3246 601 3299 Schol.
614 3279 649 3286 -
659 3250 711 3298 Ex·
792 3252 852 3305 501.
870 3253 951 3322 Quem
958 3269 1175 3323 noupermoueas.
1184 3247 1265 3320 Quod

209 3325 435 3398 pavereMauipli.
445 3327 611 3397 Expaverunt
619 3328 712 3379 armati
756 3350 810 3383 uon
826 3350 975 3403 permovens
993 3334 1020 3382 in
1041 3332 1142 3401 optimo
1165 3329 1261 3382 codice

210 3406 294 3459 Furia
315 3401 451 3470 habitum,
474 3407 518 3475 qui
542 3419 666 3472 matrem,
690 3408 712 3458 si
757 3411 862 3464 Barthii.
878 3443 913 3450 -
929 3413 1011 3483 Quem
1028 3430 1082 3463 nou
1098 3427 1261 3480 pemoueas.

212 3488 313 3538 eminus
328 3486 528 3554 cognovissent,
540 3498 664 3556 poterant
675 3504 713 3537 re·
757 3491 870 3556 Quidam
883 3489 955 3543 hunc
971 3491 1062 3543 locum
1077 3491 1115 3542 sie
1129 3491 1264 3561 interpre-

211 3567 305 3617 vereri.
323 3564 451 3616 Lacutur.
529 3564 532 3569 ’
758 3570 977 3622 tantuaninon
986 3570 1184 3621 miserationem
1192 3586 1265 3620 eom·

247 3642 561 3717 488.AdspexitAcltiuos.
570 3646 637 3696 Dan.
645 3664 715 3717 aspe·
758 3648 893 3701 movebis?
901 3679 937 3687 —
949 3652 1030 3720 Quem
1041 3666 1094 3700 non
1101 3665 1263 3720 permoveat.

211 3722 369 3776 xitAcbeos.
758 3727 961 3796 Interrogative:
974 3729 1028 3780 hoc
1041 3741 1096 3791 est,
1112 3746 1194 3798 quem
1208 3746 1265 3779 non

247 3800 308 3869 490.
327 3803 380 3855 Hei
393 3803 451 3875 guis
464 3803 644 3855 monstraverit
657 3802 714 3855 bos·
758 3823 912 3874 permovens
926 3806 1067 3857 formidine
1082 3805 1150 3855 tanti
1165 3805 1266 3856 exerci-

212 3889 272 3932 tam,
290 3881 358 3935 Dan.
371 3884 459 3936 Peter.
473 3897 499 3936 et
514 3882 574 3935 edd.
587 3894 651 3934 vett.
665 3882 714 3932 beu
759 3884 822 3934 tus?
843 3895 889 3932 aut
911 3886 955 3934 cui
977 3882 1188 3936 misericordiam
1208 3902 1265 3936 non

211 3958 283 4028 guis5
306 3959 363 4008 Put.
385 3964 488 4035 ecquis,·
509 3961 612 4014 Behott.
635 3978 659 4026 1,
681 3978 712 4026 2,
758 3961 886 4025 incutias,
899 3976 1031 4033 cumpost
1043 3962 1163 4013 exsilium
1176 3982 1267 4015 neven

210 4035 293 4104 Laus.
305 4035 421 4108 Lipsian.
433 4043 458 4093 ei
466 4044 530 4113 quis.
539 4071 577 4084 -
585 4041 714 4093 Monstra·
758 4042 822 4090 taris
834 4037 868 4088 ad
880 4042 1008 4108 patriam?
1025 4042 1154 4092 Lsorsnr.
