2616 4792
457 347 600 411 LIBER
624 346 705 409 Vll.

97 469 137 535 Si
149 469 410 563 modo‘placavit
421 470 499 538 felix
511 472 627 562 AEgina
639 474 836 537 Tonantem.

157 609 171 638 a
185 583 287 648 Ducit
298 579 466 648 lthonaeos
478 597 511 646 et
523 578 769 646 Alalcomenaea
778 582 938 648 Minerva

100 691 268 782 Agmina,
281 715 366 786 quos
380 691 490 773 Mide,
503 713 588 784 quos
601 689 741 756 humida
752 693 900 782 suggerit
911 697 1016 772 Arne,

99 800 229 869 Aulida
242 805 299 896 qui
311 805 510 896 Graeamque
522 816 654 879 serunt,
666 798 856 894 viridesque
869 799 1022 885 PlataeaS,

105 911 149 976 Et
161 911 257 980 sulco
270 917 411 981 Peteona
424 912 581 992 domant,
594 908 807 1005 refluumque
819 927 931 978 meatu

49 1094 121 1187 {tuit
140 1112 263 1186 Asopus,
285 1133 366 1187 quum
387 1115 487 1168 bellum
505 1116 565 1167 tovi
609 1114 766 1183 Trojanam,
779 1113 846 1166 duce
856 1115 1062 1185 Agamemnone.
1075 1145 1110 1156 -

54 1189 166 1270 {ndixiu
181 1224 213 1236 -
232 1195 351 1248 Cadmeo.
367 1186 435 1262 Quia
454 1211 565 1264 campus
610 1193 699 1260 Aulis,
713 1195 799 1265 inquit
809 1195 974 1260 Lactantius,
988 1194 1057 1246 dicta
1071 1207 1110 1246 est

54 1273 131 1338 late,
141 1274 168 1323 in
182 1292 237 1344 quo
252 1276 419 1327 commissum
431 1273 566 1344 praelium,
610 1291 701 1339 exeo,
716 1275 777 1344 quia
788 1292 879 1326 omnes
887 1271 942 1324 illio
955 1273 1061 1326 Graeciae
1073 1291 1112 1324 re·

61 1348 222 1420 subjacebat
243 1352 364 1406 Cadmeae
385 1354 439 1403 arci
459 1351 565 1404 Theba·
611 1353 690 1423 gesin
701 1351 845 1405 exscidium
854 1352 939 1421 Trojae
948 1353 1112 1424 conjuraturi

60 1431 132 1480 *um
140 1432 270 1483 Caeterum
279 1429 471 1503 Guyetushanc
482 1442 566 1482 totam
611 1443 809 1482 convenerant:
829 1428 900 1483 unde
916 1432 989 1500 Virg.
1009 1430 1112 1484 AEneid.

56 1503 161 1563 Sabate
170 1511 254 1582 Asopi
265 1514 440 1563 narrationem
449 1513 566 1581 ineptam
611 1510 656 1576 IV,
668 1507 719 1578 425
732 1520 757 1561 et
769 1528 824 1581 seq.
841 1533 855 1577 ¹¹.
860 1511 921 1562 Non
932 1530 982 1582 ego
994 1529 1055 1562 cum
1063 1514 1114 1564 Da·

63 1600 97 1638 et
108 1589 307 1658 inconcinnam,
322 1591 457 1663 statioque
473 1608 567 1660 parum
612 1590 669 1640 nais
683 1589 824 1660 Trojanam
842 1588 994 1643 exscindere
1009 1599 1113 1659 gentem

61 1665 189 1740 «lignem,
201 1671 313 1741 judicat.
458 1660 460 1665 ’
614 1667 708 1720 Aulide
716 1670 814 1739 juravi.
824 1693 835 1717 n
845 1699 881 1712 -
888 1669 1001 1722 Pluteos.
1009 1671 1113 1722 Boeotiae

102 1749 163 1801 330.
184 1751 263 1802 Ducit
276 1749 408 1804 Ithouoeos
423 1760 449 1798 et
461 1745 568 1799 Alalco-
613 1748 691 1815 urbs,
703 1761 837 1821 utsupra,
848 1747 976 1801 Thebaid.
992 1751 1034 1815 Ν,
1045 1749 1112 1820 373:

57 1843 167 1881 menna
187 1831 321 1880 Minervoe.
340 1828 421 1880 Ducit
439 1826 569 1878 Jttonaeos
616 1830 741 1882 enuntiat
750 1829 842 1900 vigiles
852 1831 945 1881 arsisse
954 1829 1088 1883 Platean„

59 1917 146 1978 atque
157 1906 319 1959 Alcltomene
331 1906 391 1957 edd.
404 1919 467 1957 vett.
482 1916 509 1957 et
521 1904 574 1955 Al·-
648 1908 709 1961 333.
727 1910 842 1962 Peteona
859 1910 980 1976 domant,
990 1909 1115 1985 ressuum-

60 2004 176 2040 cometa
187 1987 279 2039 Behot.
294 2005 318 2053 1,
332 1986 512 2039 etAlcemeua
524 1987 569 2037 Be-
613 2000 758 2059 quemeatu
769 1989 908 2060 Euripum.
920 1989 978 2039 Put.
991 1989 1116 2065 refluum-

58 2061 122 2117 liot.
141 2083 176 2133 a,
189 2081 215 2118 et
230 2086 281 2138 pro
296 2085 321 2118 v.
338 2067 356 2118 l:
370 2078 396 2118 et
408 2064 581 2124 Aloemena;-
613 2085 664 2138 que
670 2068 848 2118 meatu—D.
857 2066 998 2138 Gregorius
1008 2069 1117 2120 Nazian-

58 2144 124 2198 l’ut.
137 2157 217 2219 atque
228 2145 477 2207 AlcomeuiasDan.
492 2155 571 2217 atque
613 2166 692 2199 uenus
709 2146 816 2199 tradidit
831 2147 1016 2214 Aristotelem,
1034 2136 1115 2219 quum

60 2224 236 2278 Laleomeuia
241 2249 252 2289 ‚-
259 2229 357 2278 eaeterir
367 2225 568 2277 Alalcomenoee.
614 2246 669 2278 nou
679 2240 769 2300 posset
779 2240 902 2279 naturam
911 2228 1003 2298 Euripi
1014 2229 1116 2279 investi·

60 2336 102 2346 -
112 2309 178 2378 Reg.
192 2308 225 2373 B,
237 2309 271 2359 D.
286 2307 407 2361 Ithoneos
417 2317 443 2358 et
453 2306 571 2358 Alcume·
614 2327 691 2378 gare,
703 2308 781 2359 taedio
789 2309 904 2359 animaru
914 2306 1025 2357 efflasse.
1034 2309 1115 2358 Immo

63 2389 112 2439 nia
132 2385 255 2450 exhibet3
274 2389 339 2457 Reg.
359 2387 395 2452 C,
413 2386 447 2436 D.
466 2386 571 2438 laneos
614 2389 711 2440 lustini
729 2388 849 2458 martyris
863 2387 1032 2452 testimonio,
1047 2405 1074 2438 se
1088 2388 1116 2438 in

60 2478 146 2539 atque
165 2465 351 2519 Alehomeuea.
373 2464 421 2516 En.
439 2493 475 2503 -
494 2465 569 2516 Itlro-
614 2464 779 2537 profundum
793 2463 862 2515 illius
875 2464 1059 2534 praecipitans,
1073 2463 1117 2516 de·

62 2563 144 2598 uoeos.
162 2546 268 2602 Incolae
281 2543 477 2599 lthoneaurbis
494 2544 570 2594 Boeo-
614 2562 715 2597 mersus
725 2556 774 2596 est*
784 2544 817 2594 At
827 2541 892 2595 nihil
901 2541 1029 2596 dehacre
1038 2545 1116 2597 Amo·

63 2626 118 2690 tic,
132 2625 257 2676 Minervae
272 2643 359 2676 sacrae.
371 2653 406 2665 -
416 2622 576 2675 Alalcome·
613 2626 673 2677 nius
685 2622 735 2676 vel·
745 2624 871 2675 Laertius.
886 2622 1013 2674 Caeterum
1026 2637 1056 2674 tu
1071 2625 1117 2696 qui
1130 2665 1133 2669 .

61 2722 125 2756 arca
136 2703 252 2778 aqmiuu.
267 2703 298 2756 ld
310 2717 363 2770 est,
375 2721 407 2754 ex
418 2701 576 2753 Alalcome·
614 2705 642 2754 in
651 2703 733 2754 literis
743 2715 819 2774 tyro,
831 2702 914 2769 scito,
925 2701 1055 2773 Euripum
1067 2706 1117 2755 Ve·
1131 2739 1133 2741 >

62 2785 122 2849 nis,
130 2783 341 2855 oppidoBoeotiae
349 2783 483 2850 ,Minervae
491 2783 570 2833 etiam
603 2791 682 2834 ‘teres
692 2783 787 2853 sepius
797 2799 847 2855 pro
858 2782 930 2832 fossa
939 2800 1053 2852 ponere,
1062 2801 1115 2853 qua

64 2878 155 2913 sacro.
233 2913 240 2918 ,
613 2858 670 2912 ludi
683 2859 917 2912 circumdabantur
928 2873 1065 2929 septorum
1075 2861 1115 2913 lo-

102 2940 165 2993 331.
184 2939 312 3013 Agmina,
327 2958 390 3012 quos
404 2939 491 3006 Mede,
508 2957 571 3009 quos
614 2959 663 3003 co;
681 2940 792 2991 exaudio
809 2940 845 2990 ita
859 2937 1050 2991 Tertullianum
1067 2939 1116 2991 ad·

69 3021 142 3088 hum.
161 3018 275 3093 supqerit
288 3017 367 3072 Arne.
382 3019 457 3070 Mtde
469 3029 496 3068 et
507 3035 571 3089 quos
614 3035 703 3069 versus
723 3019 934 3088 Hermogenem:
957 3018 1046 3070 chce
1064 3037 1114 3070 au-

67 3097 163 3150 Eehot.
182 3115 205 3162 1,
218 3098 296 3151 Nude
312 3107 340 3147 et
351 3115 414 3169 quos
430 3095 520 3147 Behot.
537 3113 570 3160 a,
614 3109 667 3147 tem
675 3097 697 3147 si
704 3094 1115 3161 dicam,civitasexstruxittlrea·

70 3177 159 3229 Midee
175 3196 240 3250 quos
257 3178 325 3229 Dan.
341 3178 428 3228 Petav.
447 3173 569 3226 nonnulli
613 3188 684 3225 trum
696 3185 722 3225 et
736 3175 851 3238 circum,
866 3185 945 3226 scena
958 3187 1047 3226 autem
1060 3190 1115 3227 erat

72 3269 99 3306 et
117 3256 176 3308 edd.
199 3268 260 3308 vett
281 3256 393 3329 suppetit
411 3255 482 3306 Erue
501 3272 570 3305 uuus
614 3253 673 3305 talis
686 3267 712 3304 et
723 3252 799 3319 talis,
813 3265 839 3303 et
851 3266 942 3304 statuae
954 3272 1034 3324 super
1045 3256 1114 3307 euri-

73 3332 162 3386 Beltot.
176 3363 212 3374 —
230 3335 294 3404 Reg.
309 3335 344 3400 B,
358 3333 455 3385 Medon
474 3331 568 3394 habet3
614 3350 678 3401 pum
693 3344 719 3381 et
735 3330 867 3382 obeliscus
881 3349 961 3401 super
974 3334 1064 3384 omnia
1075 3334 1115 3383 fe-

76 3409 134 3482 lleg.
147 3413 183 3478 C,
196 3413 282 3465 Nude.
292 3413 340 3464 En.
348 3412 472 3462 -Mide
484 3411 570 3482 Oppi·
614 3409 730 3462 rebatur.
742 3432 752 3456 n
765 3413 849 3462 lmrno
859 3429 908 3481 pro
919 3410 1004 3462 canali
1014 3430 1061 3463 seu
1070 3410 1116 3461 du·

78 3489 133 3544 ‹ltun
145 3494 257 3544 Boeotiae.
270 3520 306 3532 —
317 3491 397 3545 Arne.
411 3491 478 3542 Urbs
493 3493 569 3542 Boeo-
614 3504 659 3542 ctu
669 3508 797 3560 aquarum
810 3489 967 3542 salientium.
978 3492 1076 3541 Plinius
1088 3492 1114 3540 in

82 3572 126 3637 tic,
136 3587 228 3644 postea
239 3571 378 3625 ctuonoea
388 3571 471 3635 dicta,
484 3573 570 3641 patria
614 3572 696 3640 Epist.
709 3570 740 3621 3:
757 3591 767 3615 ιι
777 3569 849 3637 Quid
862 3571 975 3640 Euripus
986 3569 1075 3620 viridis
1089 3582 1115 3620 et

84 3647 209 3704 Plutarchi.
614 3646 1012 3719 gemmeuslnddhunclocum
1021 3660 1113 3699 notata

112 3729 166 3782 332.
184 3729 285 3782 Aulida
306 3729 353 3802 qui
376 3732 529 3802 Groeamque
549 3749 569 3781 s.
614 3726 700 3797 legere
721 3746 806 3798 operae
827 3728 942 3797 pretium
966 3738 1021 3791 est,
1043 3741 1112 3778 nost.

88 3821 106 3855 v.
117 3809 222 3863 Pluteos.
238 3811 371 3880 Creuitque
382 3810 440 3858 Pnt.
452 3808 570 3860 Gratiam·
615 3805 677 3857 edit.
686 3819 749 3857 tom.
758 3807 782 3868 1,
790 3823 851 3874 pag.
859 3801 884 3853 6.
893 3804 938 3852 En.
947 3830 982 3842 -
989 3803 1112 3879 Peteona.

89 3903 125 3952 que
131 3888 223 3942 Belrot.
232 3886 411 3939 2.-Aulida.
422 3885 497 3938 Aulis
507 3885 570 3938 urbs
615 3887 713 3937 Peteon
727 3883 789 3935 urbs
803 3882 917 3932 Boeouae.
933 3911 968 3920 -
980 3881 1114 3959 defluum·

69 4016 73 4027 ,
89 3975 108 4012 tt
122 3980 208 4035 portus
229 3967 349 4032 Boeotiae,
367 3983 398 4016 ex
418 3982 471 4035 quo
488 3965 587 4016 Greci·
616 3983 666 4038 que
677 3976 764 4016 meatu
778 3963 919 4030 Euripum.
932 3961 1044 4033 Euripus
1059 3982 1129 4014 ura--

89 4041 205 4099 solverunt
219 4056 311 4098 euntes
329 4044 362 4097 ad
380 4043 571 4114 expeditionem
617 4046 725 4115 rispens
738 4045 805 4096 inter
820 4039 1073 4118 Euhoeam'iusulam
1088 4057 1128 4095 etz
