2616 4792
371 358 514 423 LIBER
537 357 621 426 Vll.

108 502 207 554 »ectus
221 511 228 552 :
241 509 304 554 neo
315 485 417 578 longa
427 483 523 555 labor
533 487 723 554 munimina
734 486 840 556 durus

108 597 177 665 dit:
190 601 266 690 ipsa
275 597 349 665 loco
361 602 486 665 mirum
497 602 624 664 Natura
635 596 779 665 favebat.

108 706 202 774 illum
215 706 310 775 elatae
322 732 439 800 rupes,
452 706 647 801 devexaque
659 707 758 774 fossis

109 842 145 898 a,
158 833 192 885 et
204 817 341 885 fortuito
354 817 465 885 ductae
477 833 598 912 quater
608 841 729 909 aggere
741 819 872 910 pinnae:

108 952 151 994 :ra
162 927 245 996 dant
255 927 458 1019 ipsi,donec
470 927 521 996 sol
532 928 704 995 montibus
716 930 826 994 omnis
973 942 1025 1008 4⁵0

108 1037 352 1131 tsit,rebusque
362 1037 454 1106 dedit
466 1061 568 1130 sopor
579 1038 648 1105 otia
659 1037 768 1106 fessis.

108 1149 154 1215 uis
167 1166 269 1241 queat
280 1151 439 1215 attonitas
452 1146 549 1215 dictis
561 1146 738 1215 ostendere
749 1148 907 1216 Thebas?

108 1281 154 1324 em
165 1259 200 1323 iu
213 1275 396 1351 conspectu
407 1257 490 1325 belli·
500 1281 659 1349 suprema
669 1273 847 1349 parantem

108 1369 172 1434 itat
182 1371 373 1434 insomnem
385 1392 452 1435 nox
464 1383 555 1450 atra,
569 1367 896 1462 diemque'minatur.
926 1360 929 1367 ’

108 1493 230 1543 urrunt
241 1479 347 1544 muris
360 1502 367 1542 :
380 1477 430 1545 nil
443 1494 578 1570 septum
588 1475 729 1545 horrore
741 1478 804 1544 sub
816 1476 891 1560 illo,
977 1490 1030 1558 45⁵

108 1585 200 1654 idum
213 1590 309 1671 satis,
323 1587 547 1681 invalidaeque
559 1586 758 1680 Amphionis
770 1613 874 1660 arces.

108 1721 156 1764 ror
168 1698 293 1793 ubique
305 1697 411 1781 altus,
425 1697 609 1792 pluresque
620 1701 798 1767 annuntiat
809 1697 938 1782 hostes,

108 1911 156 1963 tec
171 1911 249 1984 lonqa
260 1909 341 1963 labor.
355 1913 410 1963 Nec
422 1911 488 1963 mul·
531 1930 604 1978 mea,
615 1914 659 1965 eui
669 1913 810 1967 orbitatem
820 1932 912 1986 paras,
924 1926 976 1966 otc.
984 1931 1033 1973 ve-

108 1988 191 2040 edicit
204 2003 288 2041 castra
298 1990 448 2042 munienda.
531 1993 575 2045 let.
586 2017 597 2042 n
619 1994 738 2047 Gronov.

108 2069 162 2139 ipsa
185 2068 241 2122 loco
263 2071 360 2121 mirum
381 2073 487 2124 Natura
566 2072 628 2141 454.
658 2073 771 2125 Territat
795 2075 948 2126 insomnem.
973 2073 1034 2125 Nox

107 2148 231 2219 Optimus
244 2151 329 2203 codex
342 2150 439 2203 barthii
451 2152 488 2204 lo·
532 2165 611 2224 auget
624 2154 745 2206 timorem
758 2152 899 2219 bellicum,
914 2166 944 2204 ut
956 2170 1034 2205 uerno

108 2269 111 2277 .
127 2227 172 2279 ille
186 2229 299 2299 probat,
317 2249 423 2282 murum
437 2249 487 2301 pro
534 2233 668 2303 quiescere
683 2235 776 2304 possit.
791 2262 827 2272 -
837 2233 967 2305 Diemque
983 2233 1037 2284 mi-

108 2328 162 2360 nus
175 2308 265 2362 Behot.
533 2324 617 2364 tratur.
631 2317 666 2364 Ut
675 2315 758 2383 magis
768 2325 889 2364 metuant
897 2326 1037 2379 venturam
1132 2324 1134 2331 “
1184 2299 1188 2310 ¹

108 2389 135 2438 ln
148 2388 249 2440 vallum
262 2389 337 2441 elatoe
349 2410 430 2462 rupes.
444 2393 488 2442 ln·
533 2389 612 2442 diem.
626 2390 675 2442 Vel
687 2391 756 2443 diem
769 2389 834 2442 dicit
844 2389 961 2442 hostium
976 2409 1037 2443 cum

108 2467 153 2517 ice
168 2467 229 2518 valli
247 2469 389 2539 cingebant
402 2471 488 2520 sinum
534 2470 637 2523 facibus
648 2484 674 2522 et
687 2470 800 2522 flammis
811 2469 962 2523 adventum.

108 2545 149 2595 ct.
165 2545 253 2596 Schol.
570 2548 632 2615 456.
650 2549 701 2604 Nil
706 2547 795 2622 fidum
808 2550 878 2603 satis.
892 2551 1037 2605 Perterritis

108 2624 140 2674 Et
155 2625 270 2695 fortuito
293 2626 377 2679 duetoe
398 2638 492 2700 quater
535 2631 605 2682 euim
618 2628 684 2681 nihil
696 2631 759 2682 satis
772 2643 858 2682 tutum
870 2630 983 2683 videtur.

108 2703 191 2755 tinnoe.
207 2705 297 2775 Rupes
313 2720 427 2776 quatuor
438 2707 490 2760 du·
572 2709 632 2778 457.
651 2709 751 2761 Rumor
766 2709 860 2783 ubique
875 2709 956 2777 altres,
972 2710 1037 2782 plu·

118 2780 230 2833 modum
258 2785 369 2834 turrium
395 2786 491 2855 pinna·
537 2804 624 2861 resque
634 2788 777 2841 annuntiat
790 2788 880 2841 hostes.
894 2789 983 2841 evera
1000 2789 1039 2842 le-

538 2869 591 2918 ctio
611 2882 650 2920 est
668 2869 695 2919 in
714 2871 815 2939 optimo
829 2882 921 2921 nostro
936 2883 962 2922 et
975 2871 1039 2922 Lin-

108 2941 203 2991 Cretera
211 2941 275 2991 dant
286 2942 343 3010 ipsi.
357 2942 422 3009 Quae
432 2940 493 2994 dee·
539 2945 695 3018 donbrogii,
713 2949 808 3018 ubique
823 2947 919 3002 alios:-
941 2951 1038 3001 Birra.

108 3037 203 3090 rorum
209 3021 358 3086 munitioni,
366 3039 493 3072 manuum
538 3028 638 3080 Rumor
643 3027 736 3100 ubique
744 3027 812 3080 alins
821 3027 884 3099 legit
893 3030 952 3082 Nic.
961 3031 1041 3082 Hein-

108 3097 261 3150 idebantur.
539 3106 592 3158 sius
611 3108 639 3157 in
655 3106 763 3158 Advers.
782 3105 829 3158 lib.
847 3108 897 3172 ΙΙΙ,
917 3127 975 3178 cap.
999 3125 1041 3178 17,

110 3180 222 3251 Erepsit.
243 3182 363 3252 Derepsit
381 3185 493 3234 correxit
538 3203 565 3254 p.
579 3183 648 3248 550,
663 3185 757 3256 ubique
772 3185 850 3238 alitus
866 3189 935 3258 conj.
953 3187 1040 3238 Burm.

111 3261 194 3311 insius
216 3261 243 3310 in
261 3260 369 3312 Advers.
390 3260 437 3311 lib.
456 3264 495 3327 11,
538 3261 626 3333 plures
639 3263 783 3314 adnunciat
795 3264 875 3317 hostes
888 3265 949 3316 Exc.
965 3266 1041 3316 Cant.

108 3377 114 3404 ‚
130 3359 155 3408 p.
169 3338 231 3408 373.
541 3344 640 3394 omisso
657 3342 691 3409 tt?
702 3362 760 3414 que.
772 3373 808 3383 -
819 3344 882 3412 Reg.
901 3346 933 3409 B,
949 3343 1044 3414 ubique

114 3417 186 3468 Belli
207 3436 327 3489 suprema
348 3429 494 3489 parantem.
541 3419 607 3472 alios
617 3418 716 3481 habet;
731 3421 794 3490 Reg.
812 3420 833 3471 C
848 3433 966 3472 nostram
982 3419 1043 3472 lect.

108 3497 199 3566 cripti.
220 3499 369 3548 Bernartius
388 3499 499 3568 conjicit
541 3500 589 3552 Eo.
608 3529 645 3539 -
662 3502 761 3551 Rumor
778 3501 872 3572 ubique
886 3499 961 3552 altus.
983 3501 1046 3551 Non

108 3594 141 3627 m.
154 3576 235 3643 Quod
252 3579 407 3647 priusquam
422 3576 497 3630 vide·
543 3579 631 3648 placet
643 3579 687 3630 ille
703 3578 788 3645 ultus,
807 3578 892 3630 scribe
909 3576 986 3629 alius.
1004 3576 1046 3627 Sic

110 3669 188 3708 uerat
202 3659 231 3707 in
247 3672 377 3709 mentem:
394 3658 422 3709 in
436 3677 499 3710 con·
544 3670 620 3709 notat
633 3671 755 3710 naturam
771 3675 923 3720 rumorum,
941 3655 988 3725 qui
1001 3673 1048 3706 va-

108 3735 152 3787 etti
157 3755 277 3807 suprema
284 3738 410 3810 parantis.
418 3735 499 3805 Quod
544 3738 626 3788 nitate
641 3751 668 3789 et
681 3735 824 3788 mendaciis
835 3749 864 3786 ut
879 3732 996 3801 aluntur,
1009 3734 1048 3786 ita

108 3828 148 3866 tat
160 3829 285 3867 extrema.
303 3816 383 3887 Apud
396 3818 499 3867 Livium
545 3815 702 3886 plerumque
715 3814 843 3867 dissident
853 3831 958 3878 secum,
970 3827 999 3866 et
1007 3815 1048 3864 in-

112 3892 225 3959 ‚Fabius
233 3913 313 3946 senex
320 3894 352 3944 ad
361 3897 501 3966 Papiniutn
546 3910 585 3949 ter
595 3907 717 3948 auctores
728 3898 875 3947 variantur„
884 3893 1048 3947 Claudianus

108 3974 502 4047 'emquuandoquidemapud
547 3977 597 4040 111,
611 3977 639 4026 in
655 3974 780 4025 Rufinum
796 3972 841 4024 tib,
858 3974 887 4038 l,
903 3973 1037 4042 702=assie

108 4057 501 4122 uictoritassenatus,necaetas
547 4070 680 4124 sensuque
697 4051 776 4103 alitur
788 4071 909 4105 rumora
931 4054 1053 4107 (ἔλουον.
