2616 4792
495 240 498 245 ’
538 236 682 300 uranu
708 235 787 299 vu.
1145 247 1186 330 ⁴7

230 365 429 454 perspicuas
442 363 489 428 sic
500 359 575 428 luce
588 360 695 442 form,
708 375 741 428 et
752 361 866 452 virgea
877 377 992 454 pastor

181 470 337 540 Claustra
348 470 453 554 levat,
464 470 548 538 dum
559 486 649 538 terra
661 494 780 538 recens
793 497 799 536 :
811 471 908 563 jubet
919 472 1038 542 ordine
1049 479 1177 567 primos

184 588 237 648 ire
249 581 492 666 duces‚media
504 585 672 675 stipantur
683 581 782 675 plebe
793 585 938 650 maritae:
1135 600 1186 671 395

182 698 259 784 lpse
271 693 361 762 levat
372 693 540 784 gravidas,
555 709 588 760 et
599 693 744 761 humum
756 708 886 760 tactura
897 713 1076 793 parentum

181 804 311 887 Ubera,
323 805 739 899 suceiduasque-apportat
750 804 913 871 matribus
926 830 1040 897 agnas.

229 920 362 982 Interea
373 918 480 982 Danai
491 933 693 1008 noctemque
705 915 862 1007 diemque
875 915 939 983 sub
950 919 1068 999 armis,

181 1029 323 1091 Noctem
335 1026 459 1091 iterum
469 1047 656 1118 rursusque
669 1023 758 1090 diem
772 1025 836 1109 (sic
847 1026 897 1090 ira
908 1024 1053 1113 ferebat)

182 1138 396 1226 Ingeminant
407 1162 414 1201 ε
427 1151 597 1202 contemta
609 1136 720 1228 quies,
732 1136 788 1202 vix
799 1152 858 1202 aut
870 1159 973 1228 sopor
983 1135 1065 1221 illis,
1132 1151 1185 1218 400

180 1253 247 1313 Aut
259 1246 369 1338 epulae
381 1247 490 1315 fecere
501 1270 632 1313 moram
645 1272 652 1312 ε
666 1261 868 1338 properatur
879 1247 915 1313 in
926 1247 1059 1315 hostem

179 1361 277 1424 More
287 1357 377 1448 fugae
389 1385 396 1424 :
410 1381 473 1424 nec
485 1372 637 1424 monstra
648 1372 780 1438 tenent,
795 1381 871 1450 quae
882 1356 1030 1448 plurima
1041 1360 1146 1426 nectit

180 1466 368 1558 prodigiale
379 1489 501 1534 canens
513 1468 595 1535 certi
607 1465 677 1532 fors
689 1469 816 1557 praevia
827 1466 897 1532 fati.

178 1577 314 1666 Quippe
326 1574 439 1642 ferunt
451 1574 542 1643 diros
554 1578 705 1642 monitus
717 1573 954 1669 volucresque,
967 1574 1131 1671 feraeque,

168 1793 228 1863 393.
250 1795 494 1867 Perspicuasfores,
508 1807 534 1848 et
549 1797 636 1872 virpeo
680 1795 824 1863 matribus,
844 1809 873 1847 ut
893 1797 958 1867 ipsis
978 1796 1019 1850 lac
1040 1797 1181 1869 praeheant.

141 1869 258 1926 Claustra.
277 1875 321 1925 flae
337 1888 399 1927 sunt
417 1895 471 1927 una
488 1875 635 1946 eodemque
679 1873 747 1928 Vide
759 1877 914 1927 Excursum.
934 1875 980 1927 Eo.

139 1966 180 2002 res.
200 1982 238 1994 -
256 1955 417 2027 Perspicuae.
438 1956 508 2023 Quia
528 1957 635 2007 raritate
715 1955 776 2023 398.
796 1956 892 2006 Danai.
906 1956 1003 2024 Argivi.

137 2031 263 2100 virgarum
271 2030 357 2084 lucem
364 2031 512 2085 admittunt.
519 2033 634 2100 Quidam
715 2031 776 2098 401.
796 2034 955 2104 Properatur
964 2034 992 2084 iu
1001 2033 1097 2084 hostem
1107 2035 1183 2088 More

137 2107 238 2162 codices
248 2111 391 2182 perspicua.
404 2141 440 2149 -
450 2110 526 2162 Conf.
538 2113 568 2162 Τ.
579 2111 636 2162 cal·
673 2111 864 2184 supoe.Supra‚
872 2133 896 2164 v.
910 2113 970 2181 139:
983 2113 1182 2184 uPraecipitant‚

135 2188 220 2254 purnii
238 2186 320 2240 siculi
340 2188 430 2239 Bucol.
445 2189 535 2259 Ecloq.
554 2192 581 2256 1,
601 2191 635 2259 39
679 2192 863 2263 redimuntque
876 2211 972 2244 mores.
983 2216 995 2239 n

134 2274 158 2314 et
168 2263 222 2316 vid.
236 2285 295 2336 qua>
306 2279 433 2318 notantur
447 2267 479 2319 ad
492 2266 564 2320 hunc
575 2287 635 2319 ver·
714 2272 775 2337 402.
795 2271 870 2322 More
874 2271 958 2343 fupoe.
969 2272 1042 2323 Fecit
1053 2272 1121 2323 enim
1130 2273 1183 2324 for·

133 2361 188 2395 sum
199 2344 334 2396 nhilocus
349 2348 508 2417 Papinianus
522 2345 634 2399 adduci·
678 2347 750 2398 mido
764 2347 877 2400 veloces.
897 2351 1025 2401 Lacutur.
1045 2380 1081 2388 -
1101 2351 1182 2403 Mon-

133 2433 188 2484 tur;
207 2423 283 2474 Poet.
299 2425 384 2475 Latin.
401 2425 464 2475 Min.
485 2438 553 2476 nost.
570 2424 632 2476 edit.
677 2436 736 2478 stra.
750 2426 853 2493 Quaevis
867 2439 989 2493 ostenta,
1001 2445 1048 2479 seu
1059 2427 1181 2500 prodigia
1216 2428 1219 2437 '

133 2511 196 2554 tom.
208 2503 235 2568 1,
247 2520 309 2572 pag.
323 2503 382 2572 399.
403 2504 449 2554 En.
678 2517 859 2578 deponente,
871 2519 999 2558 vocantur
1011 2517 1134 2558 monstra.
1144 2539 1181 2548 -

165 2577 229 2648 394.
247 2581 319 2630 Dum
338 2590 404 2632 term
422 2600 515 2634 recens.
535 2581 564 2633 ld
579 2595 632 2649 est,
677 2583 722 2635 sil.
738 2583 795 2636 Ital.
811 2585 901 2634 Punic.
916 2583 1052 2650 V111,622
1066 2596 1092 2636 et
1106 2604 1179 2660 seqq.

131 2656 194 2709 dum
209 2671 279 2710 terra
296 2660 397 2711 receuti
412 2679 470 2712 rore
482 2663 566 2732 rigata
578 2675 632 2727 est,
681 2664 737 2714 «Ut
748 2675 855 2713 ventum
868 2660 902 2712 ad
916 2662 1036 2728 Cannas,
1051 2663 1124 2715 urbis
1136 2683 1182 2715 ve·

131 2755 183 2809 quo
199 2751 320 2809 tempore
331 2740 445 2810 gratiora
457 2754 520 2793 sunt
530 2744 634 2814 pecori·
678 2742 755 2810 stigia
769 2741 875 2810 priscae,
890 2741 1015 2810 Defigunt
1029 2739 1087 2792 diro
1106 2744 1181 2814 signa

129 2815 180 2868 bus
191 2836 302 2889 pascua.
677 2818 792 2871 infelicia
806 2818 885 2870 vallo.
901 2820 973 2885 Nec,
988 2832 1061 2871 tanta
1079 2822 1180 2875 miseris

165 2897 227 2964 395.
246 2897 337 2950 Duces.
350 2898 459 2951 Arietes.
472 2928 507 2938 -
518 2901 631 2952 Maiitoe.
673 2900 782 2969 jamque
798 2897 970 2969 impendente
985 2901 1075 2966 ruina,
1092 2920 1181 2954 cessa-

129 2976 199 3028 Oves
210 2975 340 3046 gravidas.
675 2991 738 3029 runt
758 2978 852 3048 Superi
871 2977 972 3028 vicinas
993 2976 1106 3048 prodere
1126 2979 1181 3031 cia-

166 3053 229 3121 396.
247 3054 307 3125 Ipse
329 3053 398 3106 levat
419 3055 556 3127 providas,
581 3069 630 3108 etc.
676 3054 751 3108 des.»
766 3055 809 3106 Ad
818 3074 895 3126 quem
906 3053 994 3107 locum
1005 3057 1080 3108 Nost.
1091 3056 1180 3111 videre

128 3130 208 3183 Conf.
229 3135 303 3183 Poet.
320 3133 377 3184 Lat.
397 3134 461 3185 Min.
479 3149 548 3186 nost.
568 3134 631 3186 edit.
678 3135 891 3206 operaepretium
908 3147 947 3186 est
964 3149 1032 3186 nost.
1051 3135 1094 3188 ed.
1113 3150 1179 3188 tom.

130 3213 240 3276 tomi,
260 3229 287 3281 p.
309 3211 378 3279 486,
397 3212 533 3284 Calpurnii
554 3213 633 3266 Siculi
677 3215 778 3283 I‚pag.
793 3212 854 3278 541.
872 3214 919 3264 En.

127 3289 221 3362 Eeiog.
236 3293 267 3358 V,
279 3312 302 3344 v.
321 3293 350 3358 4ι
367 3307 395 3345 et
408 3294 440 3359 42
456 3293 503 3344 ubi
518 3294 561 3346 hic
577 3295 633 3346 No-
712 3292 773 3358 403.
794 3293 863 3344 Certi
864 3292 1025 3363 forsproeoia
1026 3291 1092 3364 fati.
1100 3291 1178 3344 Aldd.

126 3372 177 3422 stri
188 3370 264 3423 locus
276 3372 407 3424 adductus
417 3386 465 3426 est.
477 3375 632 3427 Era-Ta·
677 3369 762 3421 Colin.
787 3369 926 3437 nonnulii,
949 3371 1070 3441 prescia,·
1095 3371 1177 3440 Lang.

127 3459 210 3502 ecura.
225 3450 347 3503 Pondere
360 3450 444 3504 laetis.
674 3449 774 3501 Buslid.
790 3451 903 3521 lipsien.
911 3449 970 3520 fors
981 3451 1095 3522 proevia;
1111 3451 1178 3502 Dan.

166 3529 227 3598 397¹.
245 3529 394 3582 Succiduns.
409 3530 559 3598 Succiduae,
574 3550 631 3602 quae
676 3530 734 3581 Put.
747 3532 833 3580 Petav.
847 3547 898 3582 sors
909 3529 1023 3602 proeseia.

127 3603 300 3658 submamma
308 3621 439 3674 sunt‚seu
448 3608 538 3660 ubere.
548 3610 636 3662 Gurn·¹
689 3671 691 3674 Α
711 3606 772 3675 404.
794 3607 895 3678 Quippe
905 3607 1000 3678 ferunt
1012 3607 1080 3657 diros
1092 3607 1178 3658 moni-

126 3701 184 3737 nus.
198 3685 294 3738 -Vel
307 3705 364 3758 quae
379 3687 519 3741 succidunt
538 3688 631 3741 ambu·
676 3701 723 3742 tus.
749 3689 850 3760 Quippe
871 3699 959 3740 serunt
977 3687 1044 3739 diros
1066 3687 1179 3742 monitus

125 3762 228 3831 lando,
245 3764 314 3818 adeo
335 3779 429 3820 tenere
447 3781 509 3820 sunt
528 3767 629 3831 adhuc;
675 3766 854 3820 Wakefieldus
878 3768 905 3816 in
928 3765 989 3818 silv.
1015 3766 1077 3818 crit.
1099 3763 1129 3816 P.
1151 3785 1176 3819 v.

125 3841 172 3894 vel
185 3841 339 3899 decidentes
352 3864 366 3897 e
377 3846 469 3899 vulva:
484 3865 546 3900 oves
560 3849 630 3899 enirn
674 3866 701 3918 p.
719 3847 776 3898 108.
789 3874 825 3883 —
836 3846 900 3914 neg.
913 3845 950 3912 G,
969 3845 1072 3918 Quippe
1081 3844 1178 3915 fremit

125 3921 236 3993 pariunt
258 3923 416 3978 incedendo.
443 3926 529 3978 Affert
551 3927 631 3996 igitur
675 3927 755 3992 dirus,
769 3937 818 3976 etc.
836 3921 949 3978 exhibet.
963 3925 1010 3978 Eo.
1023 3955 1059 3965 -·
1073 3925 1175 3997 Quippe
