<?xml version="1.0" encoding="UTF-8"?>
<!DOCTYPE html PUBLIC "-//W3C//DTD XHTML 1.0 Transitional//EN"
    "http://www.w3.org/TR/xhtml1/DTD/xhtml1-transitional.dtd">
<html xmlns="http://www.w3.org/1999/xhtml" xml:lang="en" lang="en">
 <head>
  <title>
</title>
<meta http-equiv="Content-Type" content="text/html;charset=utf-8" />
  <meta name='ocr-system' content='tesseract 3.04.00' />
  <meta name='ocr-capabilities' content='ocr_page ocr_carea ocr_par ocr_line ocrx_word'/>
</head>
<body>
  <div class='ocr_page' id='page_1' title='image "bibliothecaclas07lemagoog_0023.png"; bbox 0 0 2616 4792; ppageno 0'>
   <div class='ocr_carea' id='block_1_1' title="bbox 18 364 944 433">
    <p class='ocr_par' dir='ltr' id='par_1_1' title="bbox 18 364 944 433">
     <span class='ocr_line' id='line_1_1' title="bbox 18 364 944 433; baseline 0.004 -4"><span class='ocrx_word' id='word_1_1' title='bbox 18 396 22 401; x_wconf 56' lang='lat'>¹</span> <span class='ocrx_word' id='word_1_2' title='bbox 132 366 152 430; x_wconf 91' lang='lat'><em>8</em></span> <span class='ocrx_word' id='word_1_3' title='bbox 367 367 403 429; x_wconf 87' lang='lat' dir='ltr'><strong>P.</strong></span> <span class='ocrx_word' id='word_1_4' title='bbox 428 368 465 429; x_wconf 89' lang='lat' dir='ltr'><strong>P.</strong></span> <span class='ocrx_word' id='word_1_5' title='bbox 491 364 646 431; x_wconf 81' lang='lat' dir='ltr'><strong>STATll</strong></span> <span class='ocrx_word' id='word_1_6' title='bbox 670 366 944 433; x_wconf 84' lang='lat' dir='ltr'>THEBAIDOS</span> 
     </span>
    </p>
   </div>
   <div class='ocr_carea' id='block_1_2' title="bbox 173 493 1226 1583">
    <p class='ocr_par' dir='ltr' id='par_1_2' title="bbox 173 493 1226 919">
     <span class='ocr_line' id='line_1_2' title="bbox 174 493 1226 577; baseline -0.001 -13"><span class='ocrx_word' id='word_1_7' title='bbox 174 500 375 577; x_wconf 83' lang='lat' dir='ltr'><strong>Numen,et</strong></span> <span class='ocrx_word' id='word_1_8' title='bbox 385 493 506 562; x_wconf 85' lang='lat' dir='ltr'><strong>effreni</strong></span> <span class='ocrx_word' id='word_1_9' title='bbox 517 494 674 563; x_wconf 85' lang='lat' dir='ltr'><strong>laxentur</strong></span> <span class='ocrx_word' id='word_1_10' title='bbox 685 499 721 562; x_wconf 92' lang='lat' dir='ltr'><strong>in</strong></span> <span class='ocrx_word' id='word_1_11' title='bbox 734 497 801 562; x_wconf 86' lang='lat' dir='ltr'><strong>otia</strong></span> <span class='ocrx_word' id='word_1_12' title='bbox 813 516 933 563; x_wconf 89' lang='lat' dir='ltr'><strong>mores.</strong></span> <span class='ocrx_word' id='word_1_13' title='bbox 1144 510 1176 563; x_wconf 85' lang='lat'><strong>30</strong></span> <span class='ocrx_word' id='word_1_14' title='bbox 1219 526 1226 541; x_wconf 91' lang='lat'>·</span> 
     </span>
     <span class='ocr_line' id='line_1_3' title="bbox 173 602 1118 701; baseline -0.002 -26"><span class='ocrx_word' id='word_1_15' title='bbox 173 606 305 676; x_wconf 84' lang='lat' dir='ltr'>Reddat</span> <span class='ocrx_word' id='word_1_16' title='bbox 317 629 439 701; x_wconf 85' lang='lat' dir='ltr'><strong>equos,</strong></span> <span class='ocrx_word' id='word_1_17' title='bbox 453 629 637 701; x_wconf 85' lang='lat' dir='ltr'>ensemque</span> <span class='ocrx_word' id='word_1_18' title='bbox 648 603 750 688; x_wconf 92' lang='lat' dir='ltr'><strong>mihi,</strong></span> <span class='ocrx_word' id='word_1_19' title='bbox 763 628 828 673; x_wconf 92' lang='lat' dir='ltr'><strong>nec</strong></span> <span class='ocrx_word' id='word_1_20' title='bbox 839 606 1015 696; x_wconf 74' lang='lat' dir='ltr'><strong>sanguinis</strong></span> <span class='ocrx_word' id='word_1_21' title='bbox 1027 602 1118 673; x_wconf 85' lang='lat' dir='ltr'><strong>ultra</strong></span> 
     </span>
     <span class='ocr_line' id='line_1_4' title="bbox 175 712 999 811; baseline -0.005 -26"><span class='ocrx_word' id='word_1_22' title='bbox 175 722 194 785; x_wconf 87' lang='lat' dir='ltr'>J</span> <span class='ocrx_word' id='word_1_23' title='bbox 197 743 237 786; x_wconf 91' lang='lat' dir='ltr'><strong>us</strong></span> <span class='ocrx_word' id='word_1_24' title='bbox 249 720 313 786; x_wconf 88' lang='lat' dir='ltr'><strong>erit</strong></span> <span class='ocrx_word' id='word_1_25' title='bbox 324 745 331 784; x_wconf 91' lang='lat'>:</span> <span class='ocrx_word' id='word_1_26' title='bbox 343 716 529 811; x_wconf 77' lang='lat' dir='ltr'><strong>adspiciam</strong></span> <span class='ocrx_word' id='word_1_27' title='bbox 542 732 663 800; x_wconf 89' lang='lat' dir='ltr'><strong>terras,</strong></span> <span class='ocrx_word' id='word_1_28' title='bbox 676 739 863 810; x_wconf 87' lang='lat' dir='ltr'><strong>pacemque</strong></span> <span class='ocrx_word' id='word_1_29' title='bbox 871 712 999 809; x_wconf 88' lang='lat' dir='ltr'><strong>jubebo</strong></span> 
     </span>
     <span class='ocr_line' id='line_1_5' title="bbox 176 822 945 919; baseline -0.01 -25"><span class='ocrx_word' id='word_1_30' title='bbox 176 827 359 911; x_wconf 75' lang='lat' dir='ltr'><strong>Omnibus,</strong></span> <span class='ocrx_word' id='word_1_31' title='bbox 371 828 504 919; x_wconf 79' lang='lat' dir='ltr'><strong>Ogygio</strong></span> <span class='ocrx_word' id='word_1_32' title='bbox 516 840 567 893; x_wconf 88' lang='lat' dir='ltr'><strong>sat</strong></span> <span class='ocrx_word' id='word_1_33' title='bbox 579 827 642 892; x_wconf 89' lang='lat' dir='ltr'><strong>erit</strong></span> <span class='ocrx_word' id='word_1_34' title='bbox 653 827 806 893; x_wconf 83' lang='lat' dir='ltr'><strong>Tritonia</strong></span> <span class='ocrx_word' id='word_1_35' title='bbox 815 822 916 892; x_wconf 89' lang='lat' dir='ltr'><strong>bello.</strong></span> <span class='ocrx_word' id='word_1_36' title='bbox 931 855 945 885; x_wconf 61' lang='grc' dir='ltr'><strong><em>υ</em></strong></span> 
     </span>
    </p>

    <p class='ocr_par' dir='ltr' id='par_1_3' title="bbox 173 933 1177 1583">
     <span class='ocr_line' id='line_1_6' title="bbox 222 933 1048 1027; baseline -0.008 -20"><span class='ocrx_word' id='word_1_37' title='bbox 222 941 375 1021; x_wconf 81' lang='lat' dir='ltr'><strong>Dixerat,</strong></span> <span class='ocrx_word' id='word_1_38' title='bbox 388 955 421 1004; x_wconf 88' lang='lat' dir='ltr'><strong>et</strong></span> <span class='ocrx_word' id='word_1_39' title='bbox 433 934 605 1003; x_wconf 90' lang='lat' dir='ltr'><strong>Thracum</strong></span> <span class='ocrx_word' id='word_1_40' title='bbox 616 933 789 1027; x_wconf 79' lang='lat' dir='ltr'><strong>Cyllenius</strong></span> <span class='ocrx_word' id='word_1_41' title='bbox 800 958 881 1002; x_wconf 90' lang='lat' dir='ltr'><strong>arva</strong></span> <span class='ocrx_word' id='word_1_42' title='bbox 893 933 1048 1002; x_wconf 85' lang='lat' dir='ltr'><strong>subibat:</strong></span> 
     </span>
     <span class='ocr_line' id='line_1_7' title="bbox 175 1043 1177 1145; baseline -0.012 -26"><span class='ocrx_word' id='word_1_43' title='bbox 175 1053 285 1145; x_wconf 80' lang='lat' dir='ltr'><strong>Atque</strong></span> <span class='ocrx_word' id='word_1_44' title='bbox 296 1049 394 1117; x_wconf 92' lang='lat' dir='ltr'><strong>illum</strong></span> <span class='ocrx_word' id='word_1_45' title='bbox 405 1050 535 1113; x_wconf 76' lang='lat' dir='ltr'><strong>Arctoa</strong></span> <span class='ocrx_word' id='word_1_46' title='bbox 546 1043 717 1112; x_wconf 90' lang='lat' dir='ltr'><strong>labentem</strong></span> <span class='ocrx_word' id='word_1_47' title='bbox 727 1044 865 1112; x_wconf 88' lang='lat' dir='ltr'><strong>cardine</strong></span> <span class='ocrx_word' id='word_1_48' title='bbox 876 1060 983 1137; x_wconf 80' lang='lat' dir='ltr'><strong>portae</strong></span> <span class='ocrx_word' id='word_1_49' title='bbox 1146 1054 1177 1107; x_wconf 80' lang='lat'><strong>35</strong></span> 
     </span>
     <span class='ocr_line' id='line_1_8' title="bbox 175 1154 985 1255; baseline -0.009 -26"><span class='ocrx_word' id='word_1_50' title='bbox 175 1164 374 1255; x_wconf 86' lang='lat' dir='ltr'>Tempestas</span> <span class='ocrx_word' id='word_1_51' title='bbox 386 1172 512 1226; x_wconf 88' lang='lat' dir='ltr'><strong>aeterna</strong></span> <span class='ocrx_word' id='word_1_52' title='bbox 523 1154 647 1249; x_wconf 77' lang='lat' dir='ltr'><strong>plagae,</strong></span> <span class='ocrx_word' id='word_1_53' title='bbox 658 1171 891 1250; x_wconf 86' lang='lat' dir='ltr'><strong>praetentaque</strong></span> <span class='ocrx_word' id='word_1_54' title='bbox 903 1155 985 1224; x_wconf 86' lang='lat' dir='ltr'><strong>caelo</strong></span> 
     </span>
     <span class='ocr_line' id='line_1_9' title="bbox 176 1265 1039 1364; baseline -0.007 -25"><span class='ocrx_word' id='word_1_55' title='bbox 176 1275 319 1364; x_wconf 80' lang='lat' dir='ltr'><strong>Agmina</strong></span> <span class='ocrx_word' id='word_1_56' title='bbox 331 1267 526 1337; x_wconf 85' lang='lat' dir='ltr'><strong>nimborum</strong></span> <span class='ocrx_word' id='word_1_57' title='bbox 535 1268 727 1362; x_wconf 90' lang='lat' dir='ltr'><strong>,primique</strong></span> <span class='ocrx_word' id='word_1_58' title='bbox 739 1265 914 1360; x_wconf 83' lang='lat' dir='ltr'><strong>Aquilonis</strong></span> <span class='ocrx_word' id='word_1_59' title='bbox 926 1267 1039 1336; x_wconf 85' lang='lat' dir='ltr'><strong>hiatus</strong></span> 
     </span>
     <span class='ocr_line' id='line_1_10' title="bbox 174 1374 1041 1471; baseline -0.007 -23"><span class='ocrx_word' id='word_1_60' title='bbox 174 1385 215 1448; x_wconf 91' lang='lat' dir='ltr'><strong>In</strong></span> <span class='ocrx_word' id='word_1_61' title='bbox 227 1382 361 1447; x_wconf 88' lang='lat' dir='ltr'><strong>diversa</strong></span> <span class='ocrx_word' id='word_1_62' title='bbox 373 1378 487 1446; x_wconf 89' lang='lat' dir='ltr'><strong>ferunt</strong></span> <span class='ocrx_word' id='word_1_63' title='bbox 499 1404 507 1444; x_wconf 92' lang='lat'>:</span> <span class='ocrx_word' id='word_1_64' title='bbox 519 1393 634 1471; x_wconf 89' lang='lat' dir='ltr'><strong>crepat</strong></span> <span class='ocrx_word' id='word_1_65' title='bbox 645 1401 744 1445; x_wconf 90' lang='lat' dir='ltr'><strong>aures</strong></span> <span class='ocrx_word' id='word_1_66' title='bbox 757 1376 921 1469; x_wconf 80' lang='lat' dir='ltr'><strong>grandine</strong></span> <span class='ocrx_word' id='word_1_67' title='bbox 932 1374 1041 1444; x_wconf 87' lang='lat' dir='ltr'><strong>multa</strong></span> 
     </span>
     <span class='ocr_line' id='line_1_11' title="bbox 173 1485 1016 1583; baseline -0.006 -26"><span class='ocrx_word' id='word_1_68' title='bbox 173 1489 284 1573; x_wconf 88' lang='lat' dir='ltr'><strong>Palla,</strong></span> <span class='ocrx_word' id='word_1_69' title='bbox 296 1513 359 1557; x_wconf 93' lang='lat' dir='ltr'><strong>nec</strong></span> <span class='ocrx_word' id='word_1_70' title='bbox 370 1487 502 1557; x_wconf 86' lang='lat' dir='ltr'><strong>Arcadii</strong></span> <span class='ocrx_word' id='word_1_71' title='bbox 514 1488 601 1558; x_wconf 90' lang='lat' dir='ltr'><strong>bene</strong></span> <span class='ocrx_word' id='word_1_72' title='bbox 613 1493 760 1583; x_wconf 80' lang='lat' dir='ltr'><strong>protegit</strong></span> <span class='ocrx_word' id='word_1_73' title='bbox 771 1488 891 1554; x_wconf 92' lang='lat' dir='ltr'><strong>umbra</strong></span> <span class='ocrx_word' id='word_1_74' title='bbox 904 1485 1016 1578; x_wconf 85' lang='lat' dir='ltr'><strong>galeri.</strong></span> 
     </span>
    </p>
   </div>
   <div class='ocr_carea' id='block_1_3' title="bbox 122 1693 1183 4134">
    <p class='ocr_par' dir='ltr' id='par_1_4' title="bbox 122 1693 1183 4134">
     <span class='ocr_line' id='line_1_12' title="bbox 127 1693 1179 1771; baseline -0.004 -22"><span class='ocrx_word' id='word_1_75' title='bbox 127 1697 175 1749; x_wconf 90' lang='lat' dir='ltr'><strong>des</strong></span> <span class='ocrx_word' id='word_1_76' title='bbox 189 1697 297 1769; x_wconf 81' lang='lat' dir='ltr'><strong>qtudem</strong></span> <span class='ocrx_word' id='word_1_77' title='bbox 310 1698 480 1763; x_wconf 86' lang='lat' dir='ltr'><strong>dubitaverit,</strong></span> <span class='ocrx_word' id='word_1_78' title='bbox 494 1703 540 1771; x_wconf 93' lang='lat' dir='ltr'><strong>qui</strong></span> <span class='ocrx_word' id='word_1_79' title='bbox 552 1700 630 1752; x_wconf 91' lang='lat' dir='ltr'><strong>dubi·</strong></span> <span class='ocrx_word' id='word_1_80' title='bbox 674 1700 750 1750; x_wconf 86' lang='lat' dir='ltr'><strong>Unus</strong></span> <span class='ocrx_word' id='word_1_81' title='bbox 764 1696 856 1749; x_wconf 90' lang='lat' dir='ltr'><strong>Behot.</strong></span> <span class='ocrx_word' id='word_1_82' title='bbox 874 1708 901 1748; x_wconf 84' lang='lat' dir='ltr'><strong>at</strong></span> <span class='ocrx_word' id='word_1_83' title='bbox 917 1696 1055 1746; x_wconf 82' lang='lat' dir='ltr'><strong>Thracum.</strong></span> <span class='ocrx_word' id='word_1_84' title='bbox 1069 1722 1105 1732; x_wconf 90' lang='lat'>—</span> <span class='ocrx_word' id='word_1_85' title='bbox 1118 1693 1179 1765; x_wconf 83' lang='lat' dir='ltr'><strong>cyt-</strong></span> 
     </span>
     <span class='ocr_line' id='line_1_13' title="bbox 126 1775 937 1849; baseline -0.005 -21"><span class='ocrx_word' id='word_1_86' title='bbox 126 1790 185 1828; x_wconf 83' lang='lat' dir='ltr'><strong>tare</strong></span> <span class='ocrx_word' id='word_1_87' title='bbox 193 1776 221 1826; x_wconf 92' lang='lat' dir='ltr'><strong>in</strong></span> <span class='ocrx_word' id='word_1_88' title='bbox 231 1778 355 1831; x_wconf 88' lang='lat' dir='ltr'><strong>omnibus</strong></span> <span class='ocrx_word' id='word_1_89' title='bbox 364 1778 441 1831; x_wconf 85' lang='lat' dir='ltr'><strong>solet.</strong></span> <span class='ocrx_word' id='word_1_90' title='bbox 451 1777 564 1849; x_wconf 87' lang='lat' dir='ltr'><strong>Vulgata</strong></span> <span class='ocrx_word' id='word_1_91' title='bbox 574 1782 630 1832; x_wconf 84' lang='lat' dir='ltr'><strong>sine</strong></span> <span class='ocrx_word' id='word_1_92' title='bbox 675 1775 766 1828; x_wconf 83' lang='lat' dir='ltr'><strong>lenius.</strong></span> <span class='ocrx_word' id='word_1_93' title='bbox 778 1775 937 1828; x_wconf 85' lang='lat' dir='ltr'><strong>Mercurius.</strong></span> 
     </span>
     <span class='ocr_line' id='line_1_14' title="bbox 125 1852 1178 1930; baseline 0 -26"><span class='ocrx_word' id='word_1_94' title='bbox 125 1853 211 1905; x_wconf 88' lang='lat' dir='ltr'><strong>dubio</strong></span> <span class='ocrx_word' id='word_1_95' title='bbox 228 1853 372 1926; x_wconf 84' lang='lat' dir='ltr'><strong>depravate</strong></span> <span class='ocrx_word' id='word_1_96' title='bbox 387 1880 393 1908; x_wconf 89' lang='lat'>:</span> <span class='ocrx_word' id='word_1_97' title='bbox 412 1858 448 1909; x_wconf 86' lang='lat' dir='ltr'><strong>sic</strong></span> <span class='ocrx_word' id='word_1_98' title='bbox 460 1858 530 1908; x_wconf 84' lang='lat' dir='ltr'><strong>mite.</strong></span> <span class='ocrx_word' id='word_1_99' title='bbox 550 1860 629 1909; x_wconf 82' lang='lat' dir='ltr'><strong>Brun.</strong></span> <span class='ocrx_word' id='word_1_100' title='bbox 716 1856 760 1910; x_wconf 82' lang='lat'><strong>35.</strong></span> <span class='ocrx_word' id='word_1_101' title='bbox 779 1857 840 1930; x_wconf 83' lang='lat' dir='ltr'><strong>Atq.</strong></span> <span class='ocrx_word' id='word_1_102' title='bbox 855 1856 872 1906; x_wconf 84' lang='grc' dir='ltr'><strong>ι’.</strong></span> <span class='ocrx_word' id='word_1_103' title='bbox 885 1855 986 1907; x_wconf 77' lang='lat' dir='ltr'><strong>Arctoe</strong></span> <span class='ocrx_word' id='word_1_104' title='bbox 998 1853 1095 1905; x_wconf 82' lang='lat' dir='ltr'><strong>labent.</strong></span> <span class='ocrx_word' id='word_1_105' title='bbox 1109 1852 1178 1905; x_wconf 83' lang='lat' dir='ltr'><strong>card.</strong></span> 
     </span>
     <span class='ocr_line' id='line_1_15' title="bbox 126 1933 1180 2008; baseline -0.005 -21"><span class='ocrx_word' id='word_1_106' title='bbox 126 1963 163 1972; x_wconf 90' lang='lat'><em>-</em></span> <span class='ocrx_word' id='word_1_107' title='bbox 189 1933 240 1987; x_wconf 86' lang='lat' dir='ltr'><strong>Nil</strong></span> <span class='ocrx_word' id='word_1_108' title='bbox 266 1936 385 2006; x_wconf 81' lang='lat' dir='ltr'><strong>equidem</strong></span> <span class='ocrx_word' id='word_1_109' title='bbox 407 1935 510 1987; x_wconf 83' lang='lat' dir='ltr'><strong>crudele</strong></span> <span class='ocrx_word' id='word_1_110' title='bbox 534 1937 629 1990; x_wconf 87' lang='lat' dir='ltr'><strong>minor.</strong></span> <span class='ocrx_word' id='word_1_111' title='bbox 673 1947 764 2008; x_wconf 84' lang='lat' dir='ltr'><strong>portae.</strong></span> <span class='ocrx_word' id='word_1_112' title='bbox 784 1934 863 1987; x_wconf 88' lang='lat' dir='ltr'><strong>Aldd.</strong></span> <span class='ocrx_word' id='word_1_113' title='bbox 884 1933 970 1986; x_wconf 90' lang='lat' dir='ltr'><strong>Golin.</strong></span> <span class='ocrx_word' id='word_1_114' title='bbox 984 1933 1058 2004; x_wconf 75' lang='lat' dir='ltr'><strong>Gryf.</strong></span> <span class='ocrx_word' id='word_1_115' title='bbox 1073 1944 1100 1985; x_wconf 91' lang='lat' dir='ltr'><strong>et</strong></span> <span class='ocrx_word' id='word_1_116' title='bbox 1120 1934 1180 1984; x_wconf 81' lang='lat' dir='ltr'><strong>llas.</strong></span> 
     </span>
     <span class='ocr_line' id='line_1_16' title="bbox 126 2012 1181 2088; baseline 0.002 -24"><span class='ocrx_word' id='word_1_117' title='bbox 126 2013 171 2064; x_wconf 88' lang='lat' dir='ltr'><strong>Nil</strong></span> <span class='ocrx_word' id='word_1_118' title='bbox 191 2017 279 2066; x_wconf 87' lang='lat' dir='ltr'><strong>minor</strong></span> <span class='ocrx_word' id='word_1_119' title='bbox 298 2015 335 2067; x_wconf 94' lang='lat' dir='ltr'><strong>illi</strong></span> <span class='ocrx_word' id='word_1_120' title='bbox 357 2015 430 2088; x_wconf 86' lang='lat' dir='ltr'><strong>quod</strong></span> <span class='ocrx_word' id='word_1_121' title='bbox 446 2014 558 2085; x_wconf 81' lang='lat' dir='ltr'><strong>crudele</strong></span> <span class='ocrx_word' id='word_1_122' title='bbox 578 2020 629 2078; x_wconf 88' lang='lat' dir='ltr'><strong>sit,</strong></span> <span class='ocrx_word' id='word_1_123' title='bbox 676 2016 804 2068; x_wconf 82' lang='lat' dir='ltr'><strong>labentem</strong></span> <span class='ocrx_word' id='word_1_124' title='bbox 824 2016 852 2066; x_wconf 86' lang='lat' dir='ltr'><strong>in</strong></span> <span class='ocrx_word' id='word_1_125' title='bbox 872 2014 985 2066; x_wconf 84' lang='lat' dir='ltr'><strong>cardine.</strong></span> <span class='ocrx_word' id='word_1_126' title='bbox 1007 2015 1058 2062; x_wconf 88' lang='lat' dir='ltr'><strong>Pro</strong></span> <span class='ocrx_word' id='word_1_127' title='bbox 1078 2012 1181 2066; x_wconf 83' lang='lat' dir='ltr'><strong>Aretooe</strong></span> 
     </span>
     <span class='ocr_line' id='line_1_17' title="bbox 125 2090 1181 2162; baseline -0.001 -17"><span class='ocrx_word' id='word_1_128' title='bbox 125 2093 153 2146; x_wconf 90' lang='lat' dir='ltr'><strong>id</strong></span> <span class='ocrx_word' id='word_1_129' title='bbox 166 2107 222 2162; x_wconf 86' lang='lat' dir='ltr'><strong>est,</strong></span> <span class='ocrx_word' id='word_1_130' title='bbox 236 2098 317 2148; x_wconf 89' lang='lat' dir='ltr'><strong>Marti</strong></span> <span class='ocrx_word' id='word_1_131' title='bbox 330 2118 335 2148; x_wconf 90' lang='lat'><strong>:</strong></span> <span class='ocrx_word' id='word_1_132' title='bbox 352 2095 399 2150; x_wconf 86' lang='lat' dir='ltr'><strong>sed</strong></span> <span class='ocrx_word' id='word_1_133' title='bbox 413 2096 515 2148; x_wconf 88' lang='lat' dir='ltr'><strong>bonum</strong></span> <span class='ocrx_word' id='word_1_134' title='bbox 527 2109 554 2148; x_wconf 91' lang='lat' dir='ltr'><strong>et</strong></span> <span class='ocrx_word' id='word_1_135' title='bbox 567 2099 629 2151; x_wconf 91' lang='lat' dir='ltr'><strong>mite</strong></span> <span class='ocrx_word' id='word_1_136' title='bbox 675 2095 779 2149; x_wconf 90' lang='lat' dir='ltr'><strong>Behott.</strong></span> <span class='ocrx_word' id='word_1_137' title='bbox 797 2112 819 2161; x_wconf 87' lang='lat' dir='ltr'><strong>r,</strong></span> <span class='ocrx_word' id='word_1_138' title='bbox 836 2113 865 2160; x_wconf 85' lang='lat'><strong>2,</strong></span> <span class='ocrx_word' id='word_1_139' title='bbox 877 2093 992 2159; x_wconf 87' lang='lat' dir='ltr'><strong>babent,</strong></span> <span class='ocrx_word' id='word_1_140' title='bbox 1005 2090 1133 2162; x_wconf 80' lang='lat' dir='ltr'><strong>hybernoe.</strong></span> <span class='ocrx_word' id='word_1_141' title='bbox 1146 2122 1181 2132; x_wconf 93' lang='lat'><em>-</em></span> 
     </span>
     <span class='ocr_line' id='line_1_18' title="bbox 125 2175 1181 2247; baseline -0.002 -22"><span class='ocrx_word' id='word_1_142' title='bbox 125 2192 224 2226; x_wconf 85' lang='lat' dir='ltr'><strong>numen</strong></span> <span class='ocrx_word' id='word_1_143' title='bbox 237 2175 358 2226; x_wconf 84' lang='lat' dir='ltr'><strong>efficiam.</strong></span> <span class='ocrx_word' id='word_1_144' title='bbox 375 2176 492 2227; x_wconf 87' lang='lat' dir='ltr'><strong>Minatur</strong></span> <span class='ocrx_word' id='word_1_145' title='bbox 506 2177 630 2247; x_wconf 88' lang='lat' dir='ltr'><strong>Juppiter</strong></span> <span class='ocrx_word' id='word_1_146' title='bbox 675 2175 824 2226; x_wconf 81' lang='lat' dir='ltr'><strong>Labentem.</strong></span> <span class='ocrx_word' id='word_1_147' title='bbox 851 2176 996 2224; x_wconf 82' lang='lat' dir='ltr'><strong>intrantem</strong></span> <span class='ocrx_word' id='word_1_148' title='bbox 1019 2184 1113 2242; x_wconf 88' lang='lat' dir='ltr'><strong>portas</strong></span> <span class='ocrx_word' id='word_1_149' title='bbox 1139 2190 1181 2223; x_wconf 86' lang='lat' dir='ltr'><strong>se-</strong></span> 
     </span>
     <span class='ocr_line' id='line_1_19' title="bbox 123 2248 1182 2327; baseline -0.008 -19"><span class='ocrx_word' id='word_1_150' title='bbox 123 2273 154 2313; x_wconf 84' lang='lat' dir='ltr'><strong>,se</strong></span> <span class='ocrx_word' id='word_1_151' title='bbox 172 2255 285 2308; x_wconf 87' lang='lat' dir='ltr'><strong>Martem</strong></span> <span class='ocrx_word' id='word_1_152' title='bbox 303 2257 394 2307; x_wconf 90' lang='lat' dir='ltr'><strong>mitem</strong></span> <span class='ocrx_word' id='word_1_153' title='bbox 411 2254 535 2324; x_wconf 85' lang='lat' dir='ltr'><strong>efficere,</strong></span> <span class='ocrx_word' id='word_1_154' title='bbox 556 2254 631 2327; x_wconf 80' lang='lat' dir='ltr'><strong>quod</strong></span> <span class='ocrx_word' id='word_1_155' title='bbox 675 2253 851 2323; x_wconf 85' lang='lat' dir='ltr'><strong>ptemtrionis.</strong></span> <span class='ocrx_word' id='word_1_156' title='bbox 875 2251 1002 2302; x_wconf 78' lang='lat' dir='ltr'><strong>Laoranr.</strong></span> <span class='ocrx_word' id='word_1_157' title='bbox 1024 2277 1059 2287; x_wconf 92' lang='lat'><em>-</em></span> <span class='ocrx_word' id='word_1_158' title='bbox 1078 2248 1182 2300; x_wconf 84' lang='lat' dir='ltr'><strong>Arctoae</strong></span> 
     </span>
     <span class='ocr_line' id='line_1_20' title="bbox 125 2329 1182 2405; baseline -0.009 -19"><span class='ocrx_word' id='word_1_159' title='bbox 125 2335 176 2387; x_wconf 89' lang='lat' dir='ltr'><strong>scit</strong></span> <span class='ocrx_word' id='word_1_160' title='bbox 195 2349 306 2387; x_wconf 89' lang='lat' dir='ltr'><strong>cruento</strong></span> <span class='ocrx_word' id='word_1_161' title='bbox 325 2334 428 2386; x_wconf 91' lang='lat' dir='ltr'><strong>numini</strong></span> <span class='ocrx_word' id='word_1_162' title='bbox 446 2353 504 2388; x_wconf 86' lang='lat' dir='ltr'><strong>esse</strong></span> <span class='ocrx_word' id='word_1_163' title='bbox 522 2349 630 2388; x_wconf 89' lang='lat' dir='ltr'><strong>contra·</strong></span> <span class='ocrx_word' id='word_1_164' title='bbox 675 2331 779 2383; x_wconf 82' lang='lat' dir='ltr'><strong>cardine</strong></span> <span class='ocrx_word' id='word_1_165' title='bbox 792 2340 882 2405; x_wconf 69' lang='lat' dir='ltr'><strong>portae.</strong></span> <span class='ocrx_word' id='word_1_166' title='bbox 902 2331 1025 2396; x_wconf 88' lang='lat' dir='ltr'><strong>Quatuor</strong></span> <span class='ocrx_word' id='word_1_167' title='bbox 1042 2329 1182 2398; x_wconf 82' lang='lat' dir='ltr'><strong>praecipuae</strong></span> 
     </span>
     <span class='ocr_line' id='line_1_21' title="bbox 125 2408 1182 2484; baseline -0.005 -21"><span class='ocrx_word' id='word_1_168' title='bbox 125 2415 209 2478; x_wconf 71' lang='lat' dir='ltr'><strong>mum,</strong></span> <span class='ocrx_word' id='word_1_169' title='bbox 220 2428 250 2466; x_wconf 89' lang='lat' dir='ltr'><strong>ut</strong></span> <span class='ocrx_word' id='word_1_170' title='bbox 257 2432 343 2467; x_wconf 91' lang='lat' dir='ltr'><strong>mores</strong></span> <span class='ocrx_word' id='word_1_171' title='bbox 351 2413 403 2480; x_wconf 88' lang='lat' dir='ltr'><strong>illi,</strong></span> <span class='ocrx_word' id='word_1_172' title='bbox 414 2417 461 2484; x_wconf 92' lang='lat' dir='ltr'><strong>qui</strong></span> <span class='ocrx_word' id='word_1_173' title='bbox 467 2415 564 2468; x_wconf 85' lang='lat' dir='ltr'><strong>infreni</strong></span> <span class='ocrx_word' id='word_1_174' title='bbox 574 2433 631 2467; x_wconf 88' lang='lat' dir='ltr'><strong>esse</strong></span> <span class='ocrx_word' id='word_1_175' title='bbox 675 2410 767 2462; x_wconf 90' lang='lat' dir='ltr'><strong>mundi</strong></span> <span class='ocrx_word' id='word_1_176' title='bbox 776 2423 864 2482; x_wconf 87' lang='lat' dir='ltr'><strong>partes</strong></span> <span class='ocrx_word' id='word_1_177' title='bbox 874 2408 994 2463; x_wconf 72' lang='lat' dir='ltr'><strong>cardines</strong></span> <span class='ocrx_word' id='word_1_178' title='bbox 1003 2418 1142 2474; x_wconf 84' lang='lat' dir='ltr'><strong>vocantur,</strong></span> <span class='ocrx_word' id='word_1_179' title='bbox 1152 2418 1182 2458; x_wconf 91' lang='lat' dir='ltr'><strong>ut</strong></span> 
     </span>
     <span class='ocr_line' id='line_1_22' title="bbox 127 2485 1183 2563; baseline -0.003 -22"><span class='ocrx_word' id='word_1_180' title='bbox 127 2506 336 2557; x_wconf 88' lang='lat' dir='ltr'><strong>consueverant,</strong></span> <span class='ocrx_word' id='word_1_181' title='bbox 356 2495 404 2544; x_wconf 90' lang='lat' dir='ltr'><strong>otii</strong></span> <span class='ocrx_word' id='word_1_182' title='bbox 422 2492 551 2563; x_wconf 84' lang='lat' dir='ltr'><strong>languore</strong></span> <span class='ocrx_word' id='word_1_183' title='bbox 573 2507 629 2545; x_wconf 88' lang='lat' dir='ltr'><strong>tor·</strong></span> <span class='ocrx_word' id='word_1_184' title='bbox 675 2492 783 2557; x_wconf 80' lang='lat' dir='ltr'><strong>Oriens,</strong></span> <span class='ocrx_word' id='word_1_185' title='bbox 793 2485 1089 2555; x_wconf 90' lang='lat' dir='ltr'><strong>Occidens,Meridies,</strong></span> <span class='ocrx_word' id='word_1_186' title='bbox 1103 2499 1131 2539; x_wconf 84' lang='lat' dir='ltr'><strong>et</strong></span> <span class='ocrx_word' id='word_1_187' title='bbox 1140 2486 1183 2538; x_wconf 87' lang='lat' dir='ltr'><strong>Se-</strong></span> 
     </span>
     <span class='ocr_line' id='line_1_23' title="bbox 125 2564 1181 2641; baseline -0.002 -21"><span class='ocrx_word' id='word_1_188' title='bbox 125 2582 253 2638; x_wconf 86' lang='lat' dir='ltr'><strong>peseant,</strong></span> <span class='ocrx_word' id='word_1_189' title='bbox 267 2582 293 2620; x_wconf 88' lang='lat' dir='ltr'><strong>et</strong></span> <span class='ocrx_word' id='word_1_190' title='bbox 311 2572 343 2620; x_wconf 92' lang='lat' dir='ltr'><strong>sit</strong></span> <span class='ocrx_word' id='word_1_191' title='bbox 356 2589 456 2620; x_wconf 89' lang='lat' dir='ltr'><strong>numen</strong></span> <span class='ocrx_word' id='word_1_192' title='bbox 475 2576 531 2641; x_wconf 85' lang='lat' dir='ltr'><strong>ejus</strong></span> <span class='ocrx_word' id='word_1_193' title='bbox 550 2575 629 2623; x_wconf 88' lang='lat' dir='ltr'><strong>mite:</strong></span> <span class='ocrx_word' id='word_1_194' title='bbox 673 2564 1181 2639; x_wconf 80' lang='lat' dir='ltr'><strong>ptemtrio.Rursus,quiacardoportae</strong></span> 
     </span>
     <span class='ocr_line' id='line_1_24' title="bbox 126 2645 1181 2718; baseline 0 -21"><span class='ocrx_word' id='word_1_195' title='bbox 126 2666 207 2717; x_wconf 79' lang='lat' dir='ltr'><strong>grave</strong></span> <span class='ocrx_word' id='word_1_196' title='bbox 222 2649 292 2698; x_wconf 87' lang='lat' dir='ltr'><strong>enim</strong></span> <span class='ocrx_word' id='word_1_197' title='bbox 303 2647 402 2698; x_wconf 87' lang='lat' dir='ltr'><strong>malum</strong></span> <span class='ocrx_word' id='word_1_198' title='bbox 415 2661 470 2701; x_wconf 87' lang='lat' dir='ltr'><strong>est:</strong></span> <span class='ocrx_word' id='word_1_199' title='bbox 483 2650 547 2701; x_wconf 80' lang='lat' dir='ltr'><strong>facit</strong></span> <span class='ocrx_word' id='word_1_200' title='bbox 559 2651 630 2701; x_wconf 89' lang='lat' dir='ltr'><strong>enim</strong></span> <span class='ocrx_word' id='word_1_201' title='bbox 676 2659 729 2710; x_wconf 88' lang='lat' dir='ltr'><strong>est,</strong></span> <span class='ocrx_word' id='word_1_202' title='bbox 740 2647 819 2698; x_wconf 91' lang='lat' dir='ltr'><strong>sumit</strong></span> <span class='ocrx_word' id='word_1_203' title='bbox 827 2645 871 2697; x_wconf 91' lang='lat' dir='ltr'><strong>hic</strong></span> <span class='ocrx_word' id='word_1_204' title='bbox 881 2657 985 2718; x_wconf 83' lang='lat' dir='ltr'><strong>portam</strong></span> <span class='ocrx_word' id='word_1_205' title='bbox 995 2645 1120 2698; x_wconf 85' lang='lat' dir='ltr'><strong>Arctoam</strong></span> <span class='ocrx_word' id='word_1_206' title='bbox 1129 2664 1181 2717; x_wconf 89' lang='lat' dir='ltr'><strong>pro</strong></span> 
     </span>
     <span class='ocr_line' id='line_1_25' title="bbox 126 2724 1181 2795; baseline 0 -18"><span class='ocrx_word' id='word_1_207' title='bbox 126 2726 229 2777; x_wconf 91' lang='lat' dir='ltr'><strong>bouum</strong></span> <span class='ocrx_word' id='word_1_208' title='bbox 246 2744 260 2776; x_wconf 93' lang='lat' dir='ltr'><strong>a</strong></span> <span class='ocrx_word' id='word_1_209' title='bbox 275 2743 324 2776; x_wconf 89' lang='lat' dir='ltr'><strong>suo</strong></span> <span class='ocrx_word' id='word_1_210' title='bbox 342 2726 465 2777; x_wconf 88' lang='lat' dir='ltr'><strong>instituto</strong></span> <span class='ocrx_word' id='word_1_211' title='bbox 482 2724 629 2779; x_wconf 83' lang='lat' dir='ltr'><strong>traducere.</strong></span> <span class='ocrx_word' id='word_1_212' title='bbox 675 2736 761 2776; x_wconf 81' lang='lat' dir='ltr'><strong>tractu</strong></span> <span class='ocrx_word' id='word_1_213' title='bbox 784 2724 1017 2795; x_wconf 83' lang='lat' dir='ltr'><strong>Septemtrionali,</strong></span> <span class='ocrx_word' id='word_1_214' title='bbox 1044 2726 1107 2794; x_wconf 87' lang='lat' dir='ltr'><strong>quia</strong></span> <span class='ocrx_word' id='word_1_215' title='bbox 1132 2725 1181 2777; x_wconf 85' lang='lat' dir='ltr'><strong>Se-</strong></span> 
     </span>
     <span class='ocr_line' id='line_1_26' title="bbox 125 2803 1181 2875; baseline -0.001 -19"><span class='ocrx_word' id='word_1_216' title='bbox 125 2805 253 2857; x_wconf 79' lang='lat' dir='ltr'><strong>Lacrsnr.</strong></span> <span class='ocrx_word' id='word_1_217' title='bbox 674 2805 817 2875; x_wconf 88' lang='lat' dir='ltr'><strong>ptemtrio,</strong></span> <span class='ocrx_word' id='word_1_218' title='bbox 832 2817 861 2856; x_wconf 93' lang='lat' dir='ltr'><strong>ut</strong></span> <span class='ocrx_word' id='word_1_219' title='bbox 872 2807 928 2874; x_wconf 84' lang='lat' dir='ltr'><strong>jam</strong></span> <span class='ocrx_word' id='word_1_220' title='bbox 943 2804 1071 2868; x_wconf 81' lang='lat' dir='ltr'><strong>diximus,</strong></span> <span class='ocrx_word' id='word_1_221' title='bbox 1082 2803 1181 2855; x_wconf 85' lang='lat' dir='ltr'><strong>Graecis</strong></span> 
     </span>
     <span class='ocr_line' id='line_1_27' title="bbox 162 2883 903 2955; baseline 0.001 -20"><span class='ocrx_word' id='word_1_222' title='bbox 162 2884 206 2935; x_wconf 86' lang='grc' dir='ltr'><strong>3ο.</strong></span> <span class='ocrx_word' id='word_1_223' title='bbox 221 2883 330 2955; x_wconf 84' lang='lat' dir='ltr'><strong>Effreni</strong></span> <span class='ocrx_word' id='word_1_224' title='bbox 339 2903 428 2938; x_wconf 86' lang='lat' dir='ltr'><strong>mores.</strong></span> <span class='ocrx_word' id='word_1_225' title='bbox 439 2885 517 2937; x_wconf 89' lang='lat' dir='ltr'><strong>Nulla</strong></span> <span class='ocrx_word' id='word_1_226' title='bbox 529 2887 630 2939; x_wconf 89' lang='lat' dir='ltr'><strong>ratione</strong></span> <span class='ocrx_word' id='word_1_227' title='bbox 674 2900 788 2938; x_wconf 89' lang='lat' dir='ltr'><strong>vocatur</strong></span> <span class='ocrx_word' id='word_1_228' title='bbox 799 2887 903 2938; x_wconf 84' lang='lat' dir='ltr'><strong>Arctos.</strong></span> 
     </span>
     <span class='ocr_line' id='line_1_28' title="bbox 125 2963 1182 3036; baseline 0.004 -23"><span class='ocrx_word' id='word_1_229' title='bbox 125 2981 244 3034; x_wconf 89' lang='lat' dir='ltr'><strong>unquam</strong></span> <span class='ocrx_word' id='word_1_230' title='bbox 263 2963 403 3016; x_wconf 88' lang='lat' dir='ltr'><strong>moderati.</strong></span> <span class='ocrx_word' id='word_1_231' title='bbox 420 2965 511 3034; x_wconf 89' lang='lat' dir='ltr'><strong>Virgil.</strong></span> <span class='ocrx_word' id='word_1_232' title='bbox 530 2967 629 3036; x_wconf 83' lang='lat' dir='ltr'><strong>Georg.</strong></span> <span class='ocrx_word' id='word_1_233' title='bbox 712 2964 754 3019; x_wconf 82' lang='lat'><strong>36.</strong></span> <span class='ocrx_word' id='word_1_234' title='bbox 768 2967 907 3018; x_wconf 85' lang='lat' dir='ltr'><strong>Proetentu.</strong></span> <span class='ocrx_word' id='word_1_235' title='bbox 918 2965 1100 3031; x_wconf 81' lang='lat' dir='ltr'><strong>Circumfusa,</strong></span> <span class='ocrx_word' id='word_1_236' title='bbox 1111 2964 1182 3034; x_wconf 86' lang='lat' dir='ltr'><strong>adja-</strong></span> 
     </span>
     <span class='ocr_line' id='line_1_29' title="bbox 124 3041 918 3115; baseline 0 -21"><span class='ocrx_word' id='word_1_237' title='bbox 124 3044 173 3105; x_wconf 85' lang='lat'><strong>111,</strong></span> <span class='ocrx_word' id='word_1_238' title='bbox 186 3041 235 3094; x_wconf 83' lang='lat'><strong>381</strong></span> <span class='ocrx_word' id='word_1_239' title='bbox 249 3054 339 3113; x_wconf 88' lang='lat' dir='ltr'><strong>etseq.</strong></span> <span class='ocrx_word' id='word_1_240' title='bbox 355 3065 367 3088; x_wconf 75' lang='lat' dir='ltr'><strong>u</strong></span> <span class='ocrx_word' id='word_1_241' title='bbox 376 3043 447 3096; x_wconf 89' lang='lat' dir='ltr'><strong>Talis</strong></span> <span class='ocrx_word' id='word_1_242' title='bbox 457 3043 632 3115; x_wconf 78' lang='lat' dir='ltr'><strong>Hyperboreo</strong></span> <span class='ocrx_word' id='word_1_243' title='bbox 676 3044 770 3094; x_wconf 86' lang='lat' dir='ltr'><strong>centia.</strong></span> <span class='ocrx_word' id='word_1_244' title='bbox 790 3042 918 3094; x_wconf 69' lang='lat' dir='ltr'><strong>Lacutur.</strong></span> 
     </span>
     <span class='ocr_line' id='line_1_30' title="bbox 126 3117 1180 3194; baseline 0.005 -26"><span class='ocrx_word' id='word_1_245' title='bbox 126 3131 228 3188; x_wconf 86' lang='lat' dir='ltr'><strong>septem</strong></span> <span class='ocrx_word' id='word_1_246' title='bbox 241 3117 360 3188; x_wconf 89' lang='lat' dir='ltr'><strong>subjecta</strong></span> <span class='ocrx_word' id='word_1_247' title='bbox 374 3121 454 3172; x_wconf 88' lang='lat' dir='ltr'><strong>trioni</strong></span> <span class='ocrx_word' id='word_1_248' title='bbox 467 3122 538 3175; x_wconf 87' lang='lat' dir='ltr'><strong>Gens</strong></span> <span class='ocrx_word' id='word_1_249' title='bbox 552 3124 632 3175; x_wconf 84' lang='lat' dir='ltr'><strong>effre·</strong></span> <span class='ocrx_word' id='word_1_250' title='bbox 712 3122 753 3191; x_wconf 85' lang='lat'><strong>37.</strong></span> <span class='ocrx_word' id='word_1_251' title='bbox 766 3122 881 3194; x_wconf 63' lang='lat' dir='ltr'><strong>Agmina</strong></span> <span class='ocrx_word' id='word_1_252' title='bbox 892 3123 1049 3174; x_wconf 82' lang='lat' dir='ltr'><strong>nimborum.</strong></span> <span class='ocrx_word' id='word_1_253' title='bbox 1059 3120 1180 3173; x_wconf 85' lang='lat' dir='ltr'><strong>infinitus</strong></span> 
     </span>
     <span class='ocr_line' id='line_1_31' title="bbox 124 3197 1182 3274; baseline 0.005 -27"><span class='ocrx_word' id='word_1_254' title='bbox 124 3215 160 3247; x_wconf 87' lang='lat' dir='ltr'><strong>na</strong></span> <span class='ocrx_word' id='word_1_255' title='bbox 173 3197 259 3248; x_wconf 87' lang='lat' dir='ltr'><strong>virum</strong></span> <span class='ocrx_word' id='word_1_256' title='bbox 270 3197 379 3269; x_wconf 75' lang='lat' dir='ltr'><strong>Rhipaeo</strong></span> <span class='ocrx_word' id='word_1_257' title='bbox 391 3200 627 3253; x_wconf 66' lang='lat' dir='ltr'><strong>tumimidum.»</strong></span> <span class='ocrx_word' id='word_1_258' title='bbox 675 3219 800 3253; x_wconf 87' lang='lat' dir='ltr'><strong>numerus</strong></span> <span class='ocrx_word' id='word_1_259' title='bbox 808 3199 1121 3274; x_wconf 74' lang='lat' dir='ltr'><strong>nubium-Aquilonis</strong></span> <span class='ocrx_word' id='word_1_260' title='bbox 1129 3200 1182 3252; x_wconf 80' lang='lat' dir='ltr'><strong>hia-</strong></span> 
     </span>
     <span class='ocr_line' id='line_1_32' title="bbox 160 3276 1182 3352; baseline 0.004 -26"><span class='ocrx_word' id='word_1_261' title='bbox 160 3276 204 3328; x_wconf 85' lang='lat'><strong>31.</strong></span> <span class='ocrx_word' id='word_1_262' title='bbox 216 3277 277 3328; x_wconf 74' lang='lat' dir='ltr'><strong>aed.</strong></span> <span class='ocrx_word' id='word_1_263' title='bbox 287 3296 327 3349; x_wconf 82' lang='lat' dir='ltr'><strong>eq.</strong></span> <span class='ocrx_word' id='word_1_264' title='bbox 336 3297 473 3352; x_wconf 83' lang='lat' dir='ltr'><strong>ensemque</strong></span> <span class='ocrx_word' id='word_1_265' title='bbox 480 3281 555 3333; x_wconf 79' lang='lat' dir='ltr'><strong>milti.</strong></span> <span class='ocrx_word' id='word_1_266' title='bbox 564 3284 630 3336; x_wconf 93' lang='lat' dir='ltr'><strong>Om·</strong></span> <span class='ocrx_word' id='word_1_267' title='bbox 676 3288 722 3331; x_wconf 75' lang='lat' dir='ltr'><strong>lus.</strong></span> <span class='ocrx_word' id='word_1_268' title='bbox 733 3282 802 3332; x_wconf 87' lang='lat' dir='ltr'><strong>Bene</strong></span> <span class='ocrx_word' id='word_1_269' title='bbox 813 3279 915 3332; x_wconf 81' lang='lat' dir='ltr'><strong>hiatus:</strong></span> <span class='ocrx_word' id='word_1_270' title='bbox 926 3281 997 3330; x_wconf 92' lang='lat' dir='ltr'><strong>venti</strong></span> <span class='ocrx_word' id='word_1_271' title='bbox 1006 3280 1078 3331; x_wconf 92' lang='lat' dir='ltr'><strong>enim</strong></span> <span class='ocrx_word' id='word_1_272' title='bbox 1087 3277 1182 3350; x_wconf 84' lang='lat' dir='ltr'><strong>depin-</strong></span> 
     </span>
     <span class='ocr_line' id='line_1_33' title="bbox 124 3353 1077 3431; baseline 0.003 -26"><span class='ocrx_word' id='word_1_273' title='bbox 124 3371 173 3405; x_wconf 89' lang='lat' dir='ltr'><strong>nes</strong></span> <span class='ocrx_word' id='word_1_274' title='bbox 186 3353 263 3406; x_wconf 89' lang='lat' dir='ltr'><strong>codd.</strong></span> <span class='ocrx_word' id='word_1_275' title='bbox 279 3355 368 3409; x_wconf 85' lang='lat' dir='ltr'><strong>Barth.</strong></span> <span class='ocrx_word' id='word_1_276' title='bbox 381 3375 499 3431; x_wconf 77' lang='lat' dir='ltr'><strong>ensesque</strong></span> <span class='ocrx_word' id='word_1_277' title='bbox 510 3360 585 3413; x_wconf 77' lang='lat' dir='ltr'><strong>milti.</strong></span> <span class='ocrx_word' id='word_1_278' title='bbox 596 3391 630 3400; x_wconf 92' lang='lat'><em>-</em></span> <span class='ocrx_word' id='word_1_279' title='bbox 673 3371 772 3429; x_wconf 82' lang='lat' dir='ltr'><strong>guntur</strong></span> <span class='ocrx_word' id='word_1_280' title='bbox 784 3377 830 3410; x_wconf 90' lang='lat' dir='ltr'><strong>ore</strong></span> <span class='ocrx_word' id='word_1_281' title='bbox 843 3371 934 3430; x_wconf 88' lang='lat' dir='ltr'><strong>aperto</strong></span> <span class='ocrx_word' id='word_1_282' title='bbox 947 3371 973 3410; x_wconf 89' lang='lat' dir='ltr'><strong>et</strong></span> <span class='ocrx_word' id='word_1_283' title='bbox 984 3358 1077 3410; x_wconf 78' lang='lat' dir='ltr'><strong>luanti.</strong></span> 
     </span>
     <span class='ocr_line' id='line_1_34' title="bbox 122 3433 1181 3512; baseline 0.004 -28"><span class='ocrx_word' id='word_1_284' title='bbox 122 3433 224 3486; x_wconf 82' lang='lat' dir='ltr'><strong>Reddat</strong></span> <span class='ocrx_word' id='word_1_285' title='bbox 234 3452 326 3506; x_wconf 81' lang='lat' dir='ltr'><strong>equos,</strong></span> <span class='ocrx_word' id='word_1_286' title='bbox 339 3453 477 3510; x_wconf 83' lang='lat' dir='ltr'><strong>ensemque</strong></span> <span class='ocrx_word' id='word_1_287' title='bbox 488 3439 563 3490; x_wconf 80' lang='lat' dir='ltr'><strong>milti.</strong></span> <span class='ocrx_word' id='word_1_288' title='bbox 577 3440 630 3492; x_wconf 90' lang='lat' dir='ltr'><strong>Sin·</strong></span> <span class='ocrx_word' id='word_1_289' title='bbox 711 3437 754 3490; x_wconf 85' lang='lat'><strong>38.</strong></span> <span class='ocrx_word' id='word_1_290' title='bbox 775 3437 1181 3512; x_wconf 77' lang='lat' dir='ltr'><strong>Crepatauresqrandinemulta.</strong></span> 
     </span>
     <span class='ocr_line' id='line_1_35' title="bbox 123 3508 1180 3587; baseline 0.007 -28"><span class='ocrx_word' id='word_1_291' title='bbox 123 3508 181 3577; x_wconf 76' lang='lat' dir='ltr'><strong>guli</strong></span> <span class='ocrx_word' id='word_1_292' title='bbox 193 3513 264 3562; x_wconf 87' lang='lat' dir='ltr'><strong>euim</strong></span> <span class='ocrx_word' id='word_1_293' title='bbox 272 3510 316 3561; x_wconf 91' lang='lat' dir='ltr'><strong>Dii</strong></span> <span class='ocrx_word' id='word_1_294' title='bbox 328 3530 375 3562; x_wconf 89' lang='lat' dir='ltr'><strong>sua</strong></span> <span class='ocrx_word' id='word_1_295' title='bbox 386 3512 476 3566; x_wconf 87' lang='lat' dir='ltr'><strong>officia</strong></span> <span class='ocrx_word' id='word_1_296' title='bbox 489 3519 630 3587; x_wconf 86' lang='lat' dir='ltr'><strong>muniaque</strong></span> <span class='ocrx_word' id='word_1_297' title='bbox 675 3515 755 3586; x_wconf 84' lang='lat' dir='ltr'><strong>Regg.</strong></span> <span class='ocrx_word' id='word_1_298' title='bbox 771 3520 790 3568; x_wconf 95' lang='grc' dir='ltr'><strong>Β</strong></span> <span class='ocrx_word' id='word_1_299' title='bbox 803 3529 829 3569; x_wconf 87' lang='lat' dir='ltr'><strong>et</strong></span> <span class='ocrx_word' id='word_1_300' title='bbox 841 3518 875 3584; x_wconf 85' lang='lat' dir='ltr'><strong>G,</strong></span> <span class='ocrx_word' id='word_1_301' title='bbox 889 3536 970 3568; x_wconf 83' lang='lat' dir='ltr'><strong>aurea</strong></span> <span class='ocrx_word' id='word_1_302' title='bbox 983 3515 1117 3569; x_wconf 83' lang='lat' dir='ltr'><strong>exhibent.</strong></span> <span class='ocrx_word' id='word_1_303' title='bbox 1132 3519 1180 3568; x_wconf 85' lang='lat' dir='ltr'><strong>En.</strong></span> 
     </span>
     <span class='ocr_line' id='line_1_36' title="bbox 124 3583 1183 3668; baseline 0.009 -31"><span class='ocrx_word' id='word_1_304' title='bbox 124 3583 271 3642; x_wconf 81' lang='lat' dir='ltr'><strong>habebant.</strong></span> <span class='ocrx_word' id='word_1_305' title='bbox 710 3595 755 3663; x_wconf 85' lang='lat'><strong>39.</strong></span> <span class='ocrx_word' id='word_1_306' title='bbox 769 3595 858 3648; x_wconf 79' lang='lat' dir='ltr'><strong>Palla.</strong></span> <span class='ocrx_word' id='word_1_307' title='bbox 872 3596 943 3647; x_wconf 90' lang='lat' dir='ltr'><strong>Palla</strong></span> <span class='ocrx_word' id='word_1_308' title='bbox 955 3598 1062 3668; x_wconf 86' lang='lat' dir='ltr'><strong>proprie</strong></span> <span class='ocrx_word' id='word_1_309' title='bbox 1073 3608 1130 3647; x_wconf 89' lang='lat' dir='ltr'><strong>erat</strong></span> <span class='ocrx_word' id='word_1_310' title='bbox 1140 3615 1183 3648; x_wconf 85' lang='lat' dir='ltr'><strong>ve-</strong></span> 
     </span>
     <span class='ocr_line' id='line_1_37' title="bbox 161 3664 1181 3739; baseline 0.012 -25"><span class='ocrx_word' id='word_1_311' title='bbox 161 3664 204 3716; x_wconf 84' lang='lat'><strong>32.</strong></span> <span class='ocrx_word' id='word_1_312' title='bbox 224 3666 373 3739; x_wconf 84' lang='lat' dir='ltr'><strong>Adspiciam</strong></span> <span class='ocrx_word' id='word_1_313' title='bbox 388 3679 473 3723; x_wconf 83' lang='lat' dir='ltr'><strong>terres.</strong></span> <span class='ocrx_word' id='word_1_314' title='bbox 486 3673 550 3723; x_wconf 82' lang='lat' dir='ltr'><strong>Tam</strong></span> <span class='ocrx_word' id='word_1_315' title='bbox 566 3675 629 3726; x_wconf 91' lang='lat' dir='ltr'><strong>mite</strong></span> <span class='ocrx_word' id='word_1_316' title='bbox 675 3675 827 3726; x_wconf 80' lang='lat' dir='ltr'><strong>stimantum</strong></span> <span class='ocrx_word' id='word_1_317' title='bbox 839 3675 981 3739; x_wconf 88' lang='lat' dir='ltr'><strong>muliebre;</strong></span> <span class='ocrx_word' id='word_1_318' title='bbox 993 3675 1040 3727; x_wconf 90' lang='lat' dir='ltr'><strong>sed</strong></span> <span class='ocrx_word' id='word_1_319' title='bbox 1050 3674 1143 3726; x_wconf 87' lang='lat' dir='ltr'><strong>eodem</strong></span> <span class='ocrx_word' id='word_1_320' title='bbox 1155 3689 1181 3726; x_wconf 91' lang='lat' dir='ltr'><strong>et</strong></span> 
     </span>
     <span class='ocr_line' id='line_1_38' title="bbox 123 3741 1180 3824; baseline 0.013 -33"><span class='ocrx_word' id='word_1_321' title='bbox 123 3741 590 3819; x_wconf 87' lang='lat' dir='ltr'><strong>enimplacidumqueJovisnumen,</strong></span> <span class='ocrx_word' id='word_1_322' title='bbox 600 3763 630 3803; x_wconf 93' lang='lat' dir='ltr'><strong>ut</strong></span> <span class='ocrx_word' id='word_1_323' title='bbox 674 3753 771 3824; x_wconf 88' lang='lat' dir='ltr'><strong>Apollo</strong></span> <span class='ocrx_word' id='word_1_324' title='bbox 786 3755 877 3806; x_wconf 88' lang='lat' dir='ltr'><strong>utitur.</strong></span> <span class='ocrx_word' id='word_1_325' title='bbox 896 3755 994 3807; x_wconf 85' lang='lat' dir='ltr'><strong>Tibull.</strong></span> <span class='ocrx_word' id='word_1_326' title='bbox 1014 3758 1064 3821; x_wconf 86' lang='lat'><strong>111,</strong></span> <span class='ocrx_word' id='word_1_327' title='bbox 1080 3754 1114 3821; x_wconf 77' lang='grc'><strong>4,</strong></span> <span class='ocrx_word' id='word_1_328' title='bbox 1129 3754 1180 3808; x_wconf 73' lang='lat'><strong>35:</strong></span> 
     </span>
     <span class='ocr_line' id='line_1_39' title="bbox 124 3817 1178 3904; baseline 0.012 -35"><span class='ocrx_word' id='word_1_329' title='bbox 124 3817 182 3870; x_wconf 89' lang='lat' dir='ltr'><strong>solo</strong></span> <span class='ocrx_word' id='word_1_330' title='bbox 201 3819 330 3891; x_wconf 83' lang='lat' dir='ltr'><strong>adspectu</strong></span> <span class='ocrx_word' id='word_1_331' title='bbox 350 3824 445 3895; x_wconf 80' lang='lat' dir='ltr'><strong>pacem</strong></span> <span class='ocrx_word' id='word_1_332' title='bbox 464 3825 574 3879; x_wconf 87' lang='lat' dir='ltr'><strong>daturus</strong></span> <span class='ocrx_word' id='word_1_333' title='bbox 596 3830 629 3879; x_wconf 90' lang='lat' dir='ltr'><strong>sit</strong></span> <span class='ocrx_word' id='word_1_334' title='bbox 677 3831 1178 3904; x_wconf 68' lang='lat' dir='ltr'><strong>aImavidebaturtalisilluderepalla.e</strong></span> 
     </span>
     <span class='ocr_line' id='line_1_40' title="bbox 124 3897 1179 3964; baseline 0.014 -16"><span class='ocrx_word' id='word_1_335' title='bbox 124 3897 247 3950; x_wconf 88' lang='lat' dir='ltr'><strong>omnibus</strong></span> <span class='ocrx_word' id='word_1_336' title='bbox 261 3900 340 3952; x_wconf 87' lang='lat' dir='ltr'><strong>rebus</strong></span> <span class='ocrx_word' id='word_1_337' title='bbox 353 3904 485 3958; x_wconf 87' lang='lat' dir='ltr'><strong>humanis.</strong></span> <span class='ocrx_word' id='word_1_338' title='bbox 534 3950 536 3954; x_wconf 17' lang='grc' dir='ltr'><em>Α</em></span> <span class='ocrx_word' id='word_1_339' title='bbox 672 3907 712 3960; x_wconf 90' lang='lat' dir='ltr'><strong>De</strong></span> <span class='ocrx_word' id='word_1_340' title='bbox 722 3909 844 3961; x_wconf 90' lang='lat' dir='ltr'><strong>hocloco</strong></span> <span class='ocrx_word' id='word_1_341' title='bbox 854 3911 908 3962; x_wconf 86' lang='lat' dir='ltr'><strong>vid.</strong></span> <span class='ocrx_word' id='word_1_342' title='bbox 918 3924 974 3963; x_wconf 86' lang='lat' dir='ltr'><strong>not.</strong></span> <span class='ocrx_word' id='word_1_343' title='bbox 985 3913 1071 3964; x_wconf 87' lang='lat' dir='ltr'><strong>nostri</strong></span> <span class='ocrx_word' id='word_1_344' title='bbox 1079 3911 1179 3964; x_wconf 90' lang='lat' dir='ltr'><strong>Tibull.</strong></span> 
     </span>
     <span class='ocr_line' id='line_1_41' title="bbox 158 3975 1180 4061; baseline 0.015 -34"><span class='ocrx_word' id='word_1_345' title='bbox 158 3975 203 4029; x_wconf 84' lang='lat'><strong>33.</strong></span> <span class='ocrx_word' id='word_1_346' title='bbox 225 3979 334 4050; x_wconf 73' lang='lat' dir='ltr'><strong>Opypio.</strong></span> <span class='ocrx_word' id='word_1_347' title='bbox 348 3982 486 4036; x_wconf 86' lang='lat' dir='ltr'><strong>Thebano.</strong></span> <span class='ocrx_word' id='word_1_348' title='bbox 673 4006 734 4057; x_wconf 83' lang='lat' dir='ltr'><strong>pag.</strong></span> <span class='ocrx_word' id='word_1_349' title='bbox 750 4004 814 4050; x_wconf 85' lang='lat'>211;</span> <span class='ocrx_word' id='word_1_350' title='bbox 831 3987 874 4040; x_wconf 89' lang='lat' dir='ltr'><strong>adi</strong></span> <span class='ocrx_word' id='word_1_351' title='bbox 888 3992 966 4041; x_wconf 85' lang='lat' dir='ltr'><strong>etiam</strong></span> <span class='ocrx_word' id='word_1_352' title='bbox 981 4009 1037 4061; x_wconf 79' lang='lat' dir='ltr'><strong>qum</strong></span> <span class='ocrx_word' id='word_1_353' title='bbox 1050 4009 1180 4042; x_wconf 84' lang='lat' dir='ltr'><strong>enarran-</strong></span> 
     </span>
     <span class='ocr_line' id='line_1_42' title="bbox 160 4052 1178 4134; baseline 0.014 -29"><span class='ocrx_word' id='word_1_354' title='bbox 160 4052 203 4121; x_wconf 69' lang='grc'><strong>34.</strong></span> <span class='ocrx_word' id='word_1_355' title='bbox 224 4055 347 4123; x_wconf 81' lang='lat' dir='ltr'><strong>Dixerat,</strong></span> <span class='ocrx_word' id='word_1_356' title='bbox 369 4071 395 4110; x_wconf 86' lang='lat' dir='ltr'><strong>et</strong></span> <span class='ocrx_word' id='word_1_357' title='bbox 416 4062 554 4130; x_wconf 81' lang='lat' dir='ltr'><strong>thracum,</strong></span> <span class='ocrx_word' id='word_1_358' title='bbox 578 4077 626 4114; x_wconf 89' lang='lat' dir='ltr'><strong>etc.</strong></span> <span class='ocrx_word' id='word_1_359' title='bbox 673 4080 717 4115; x_wconf 84' lang='lat' dir='ltr'><strong>tur</strong></span> <span class='ocrx_word' id='word_1_360' title='bbox 732 4064 765 4115; x_wconf 89' lang='lat' dir='ltr'><strong>ad</strong></span> <span class='ocrx_word' id='word_1_361' title='bbox 780 4086 802 4116; x_wconf 86' lang='lat' dir='ltr'><strong>v.</strong></span> <span class='ocrx_word' id='word_1_362' title='bbox 824 4065 888 4132; x_wconf 71' lang='lat'><strong>224,</strong></span> <span class='ocrx_word' id='word_1_363' title='bbox 904 4067 998 4118; x_wconf 87' lang='lat' dir='ltr'><strong>Claud.</strong></span> <span class='ocrx_word' id='word_1_364' title='bbox 1016 4070 1041 4134; x_wconf 90' lang='lat'><strong>1,</strong></span> <span class='ocrx_word' id='word_1_365' title='bbox 1057 4069 1083 4118; x_wconf 91' lang='lat' dir='ltr'><strong>in</strong></span> <span class='ocrx_word' id='word_1_366' title='bbox 1099 4068 1178 4120; x_wconf 90' lang='lat' dir='ltr'><strong>Prob.</strong></span> 
     </span>
    </p>
   </div>
   <div class='ocr_carea' id='block_1_4' title="bbox 0 0 1312 4792">
    <p class='ocr_par' dir='ltr' id='par_1_5' title="bbox 0 0 1312 4792">
     <span class='ocr_line' id='line_1_43' title="bbox 0 0 1312 4792; baseline 0 0"><span class='ocrx_word' id='word_1_367' title='bbox 0 0 1312 4792; x_wconf 95' lang='lat' dir='ltr'><strong> </strong></span> 
     </span>
    </p>
   </div>
  </div>
 </body>
</html>
