2616 4792
222 385 263 461 42
457 386 490 445 P.
519 385 553 446 P.
580 383 730 449 sTA'ru
755 380 1032 448 THEBAIDOS

263 507 445 576 Subnixam
457 507 612 603 scopulo,
625 506 678 576 vel
692 508 750 601 qui
763 511 951 574 Parnasson
964 522 1151 602 utrumque

263 622 328 684 Aut
338 619 502 712 Cyrrhum
513 623 635 701 tauris,
648 621 930 710 Anemoriamque
943 619 1125 710 supinant,
1137 652 1147 671 ·

259 732 508 828 Coryciumque
518 736 662 801 nemus?
672 727 987 822 propellentemque
999 729 1141 798 Lilaeam

258 841 412 935 Cephissi
424 843 562 937 glaciale
574 857 694 934 caput,
707 865 776 934 quo
788 856 904 908 suetus
916 838 1076 910 anhelam

211 1059 282 1115 lida?
306 1085 375 1120 unns
402 1066 494 1119 Behot.
522 1065 595 1117 unde
619 1078 713 1136 postea
757 1062 886 1135 Apollini.
895 1062 944 1116 Vel
955 1082 1004 1135 per
1015 1075 1157 1138 mamque
1167 1065 1257 1118 intelli·

210 1157 375 1196 correctum:
399 1145 445 1216 qui
466 1141 601 1208 Daulida,
628 1157 712 1194 retra-
756 1144 794 1211 git
808 1141 923 1214 populos
939 1144 984 1214 qui
997 1145 1148 1197 Parnasson
1163 1145 1223 1198 hinc
1234 1159 1257 1196 et

209 1233 252 1272 cta
267 1221 341 1275 litera
359 1223 378 1274 d
396 1239 411 1272 a
431 1223 520 1293 priore
539 1219 670 1287 dictione,
686 1226 712 1272 cl
756 1220 818 1272 inde
831 1220 962 1272 accolunt.

209 1297 317 1352 admota
335 1300 476 1370 posteriori
494 1300 546 1351 καθ’
565 1297 637 1367 loir,
650 1303 712 1374 quic
789 1297 849 1367 347.
869 1297 923 1350 Aut
936 1296 1063 1369 Cyrrhum
1079 1302 1176 1366 muris,
1190 1303 1256 1354 Ase-

207 1375 436 1448 ipartssos.1nali0
450 1377 543 1430 Behot.
557 1380 616 1450 quis
626 1381 712 1431 Pano
755 1379 1058 1449 mariamquesupiaant.
1067 1382 1257 1434 AEnemnroeam

174 1468 177 1473 ·
204 1474 281 1525 pern,
297 1459 355 1529 quis
372 1457 503 1526 Daulida,
524 1461 580 1534 quis
600 1461 711 1532 Ciparis.
754 1454 836 1525 Lang.
849 1454 946 1506 Buslid.
958 1457 1076 1526 Lipsian.
1086 1471 1112 1510 et
1124 1458 1186 1512 edd.
1197 1473 1256 1512 vett.

205 1551 269 1585 sam.
286 1536 400 1588 Jaebadia
412 1535 514 1590 Behon.
532 1557 555 1603 1,
569 1557 593 1606 2,
605 1539 711 1592 Lebidia
754 1534 1192 1606 Anemowlamlogitssarthius—
1201 1542 1257 1610 Cyr-

206 1612 293 1663 Petav.
309 1615 486 1686 Lindenbrog.
503 1630 528 1668 et
540 1617 617 1669 Grac.
631 1619 711 1670 Debe-
755 1613 840 1665 rhum.
855 1613 956 1685 Cyrrha
969 1614 1034 1668 urbs
1047 1615 1188 1684 Phocidis,
1200 1637 1258 1669 ora·

205 1688 250 1740 dia
263 1693 332 1744 Dan.
349 1692 469 1764 hiapolin
485 1714 555 1748 unus
568 1694 660 1746 Behot.
675 1725 711 1734 —
755 1692 816 1744 culo
827 1694 957 1763 Apollinis
969 1694 1090 1748 celebris.
1099 1725 1138 1736 -
1148 1703 1258 1748 Anemo·

204 1768 269 1839 Reg.
282 1773 316 1837 B,
325 1771 362 1822 Et
370 1771 423 1823 val.
434 1774 547 1826 Lebadia
560 1787 577 1827 t.
588 1785 615 1826 et
624 1775 709 1826 Hian-
754 1772 879 1844 namque.
892 1774 1036 1826 Anemoria
1048 1774 1179 1846 oppidum
1190 1775 1257 1827 Pbo-

201 1846 279 1919 polin
292 1851 346 1902 acri
358 1851 452 1912 habet;
465 1854 528 1922 ch.
541 1855 576 1916 C,
589 1855 646 1924 quis
656 1855 709 1904 Pa·
753 1851 826 1904 aidis.
839 1853 869 1903 ln
882 1852 932 1903 hac
945 1865 1035 1904 autern
1045 1855 1153 1906 urbium
1165 1854 1257 1907 Phoci-

203 1931 283 2000 ηορό,
302 1932 359 2003 qais
374 1931 474 1983 Aulida
490 1935 547 2005 quis
562 1936 655 2005 Cypar.
673 1935 710 1985 Et
754 1927 793 1980 dis
806 1929 982 2001 descriptione
995 1945 1101 1985 secutus
1111 1947 1152 1985 est
1163 1937 1255 1986 Home·

203 2027 227 2060 u.
241 2009 352 2061 [abadia
366 2022 383 2063 t.
397 2024 421 2063 ct
434 2011 580 2083 Hianpolin
592 2013 706 2066 exhibet.
753 2028 810 2060 rum
831 2011 963 2078 Papinius.
987 2011 1029 2063 Sic
1051 2014 1122 2064 enim
1142 2011 1204 2064 ille:
1225 2011 1256 2066 oi

202 2090 248 2141 Eo.
259 2121 296 2131 -
307 2093 357 2161 Qui
368 2094 510 2163 Panopen,
524 2095 569 2165 qui
579 2095 707 2162 Daulida,
752 2083 895 2154 Km'ptwtt
910 2085 978 2155 izos,
992 2086 1128 2142 uolanis·
1141 2088 1255 2159 cupito-

201 2169 250 2240 qui
257 2171 409 2242 Cyparisson
416 2208 425 2235 ,
433 2171 470 2220 Et
476 2170 569 2237 valles,
578 2171 705 2235 lebadea,
751 2188 808 2228 aar,
821 2169 918 2234 saecu
931 2188 957 2219 ut
968 2166 1066 2235 (aliar,
1081 2167 1122 2220 nal
1139 2171 1292 2233 aconem

201 2251 550 2324 tuas,etHyampolinacri
560 2252 706 2304 Subnixam
750 2246 791 2298 nal
809 2249 939 2314 narraris,
955 2247 1201 2320 Oid'anpaipnar,
1219 2248 1258 2302 cal
1286 2252 1298 2288 τ’

199 2332 313 2404 scopulo.
334 2335 458 2404 Panope,
477 2332 586 2398 Daulis,
606 2332 706 2403 oppida
747 2325 1056 2394 ''saluaonraiuous‘pam

199 2408 462 2482 Phocidis,quarum
473 2412 564 2463 ultima
578 2426 632 2463 erat
642 2412 705 2464 olim
786 2407 847 2472 348.
870 2407 1059 2479 Coryciumque
1074 2411 1256 2482 nemusi’pro-
1288 2433 1298 2442 ·

200 2486 363 2540 subditione
380 2492 456 2542 Terei
468 2490 601 2543 Thracum
619 2494 704 2562 regis3
747 2485 1258 2560 pellentenrqueLiloeam.Horict'umque
1267 2501 1298 2529 ⁴-

200 2564 272 2616 unde
293 2565 437 2619 Philomela
464 2570 574 2623 Daulias
598 2568 704 2635 dicitur,
749 2583 838 2616 nemus
849 2567 917 2617 Dan.
928 2564 1173 2639 propellentemque
1184 2568 1254 2619 Lice·
1290 2591 1298 2598 ·

201 2641 313 2711 quadiu
329 2661 361 2694 ea
375 2645 440 2696 urbe
451 2645 549 2698 violata
563 2648 613 2698 fuit
627 2666 640 2697 a
653 2650 705 2698 Te·
750 2653 794 2692 lon
814 2640 894 2692 codd·
913 2642 1112 2715 Lindenbrogil
1133 2675 1171 2685 -
1191 2647 1253 2716 Reg-

198 2740 261 2788 reo,
276 2735 302 2773 et
317 2725 344 2774 in
360 2742 435 2775 avem
451 2726 497 2776 sui·
509 2727 622 2776 nominis
639 2743 705 2776 con·
748 2719 1149 2793 B‚pr⁰pellentemquelt'ceton
1161 2722 1255 2786 haben
1280 2739 1298 2771 ‹‘

198 2816 284 2851 versa.
306 2801 458 2872 Cyparissos
479 2802 543 2856 urbs
563 2802 702 2869 Phocidis,
747 2800 811 2867 Reg.
828 2801 848 2850 C
863 2810 932 2848 nost.
945 2798 1006 2851 lect.
1024 2801 1071 2850 Ea.
1091 2830 1128 2839 -
1147 2802 1255 2872 Coryci·
1284 2822 1298 2830 -

199 2879 267 2929 circa
281 2879 401 2949 Delphos
418 2882 452 2934 ab
465 2886 521 2954 ejus
535 2882 637 2935 arboris
651 2883 704 2935 fre·
748 2895 843 2949 umque
864 2876 1100 2945 ”emPP'QPldam
1121 2880 1252 2953 omium

199 2960 702 3030 quentiavocaraLebadiaNostrohic
747 2956 1128 3029 legunt,quiap0stcadmum
1137 2962 1298 3032 Ogygios*

196 3038 261 3089 urbs
273 3036 412 3107 Phocidis,
424 3045 559 3095 Pausaniae
572 3063 634 3097 vero
647 3046 703 3097 Βω-
746 3036 850 3089 Thebas
867 3039 948 3088 rexit:
969 3057 1022 3108 quo
1039 3037 1174 3090 vocabulo
1187 3041 1268 3092 anti-r
1288 3060 1298 3066 ·

168 3110 170 3119 ’
197 3119 271 3181 otioe,
287 3118 338 3169 nisi
353 3121 404 3171 sint
418 3121 475 3174 duas
490 3123 568 3176 urbes
584 3122 701 3195 ejusdem
747 3119 792 3189 qul
812 3117 954 3170 Th0b³n⁰s
977 3117 1089 3188 intelligi
1109 3117 1250 3171 VOlebafltt
1295 3149 1298 3152 ·

195 3197 438 3259 nominis,veluna
449 3201 548 3269 solum,
559 3221 699 3274 quaenunc
744 3210 806 3267 post
822 3199 901 3248 etiam
918 3197 1077 3259 nemoriest
1089 3194 1143 3246 hoo
1154 3216 1250 3249 nomen
1271 3220 1281 3226 ··

195 3273 327 3326 tribuatur
345 3275 472 3344 Phocidi,
492 3299 562 3333 nunc
584 3285 697 3335 Boeorjae,
744 3276 906 3346 impositum.
928 3275 1014 3324 Etiam
1039 3272 1159 3325 tumulus
1179 3277 1298 3326 circuae

195 3355 257 3404 Erat
269 3366 356 3404 autem
371 3373 445 3408 sacra
462 3359 586 3427 Apollini.
599 3363 698 3433 Hyam·
743 3355 848 3409 Thebas
869 3357 905 3407 lta
925 3368 1042 3406 VOGMUP·
1064 3355 1194 3406 Lacrisr.
1215 3385 1251 3396 -

194 3432 264 3505 polis
274 3432 404 3504 oppidum
414 3435 536 3489 Phocidis
547 3438 581 3489 ad
591 3442 698 3491 Parnas·
745 3437 931 3509 Coryciumque
952 3455 1010 3488 nem
1015 3453 1051 3487 us.
1072 3432 1142 3486 Silva
1165 3454 1291 3507 propo-²

194 3529 253 3565 sum
264 3523 388 3562 montem.
400 3514 447 3565 Est
460 3525 486 3563 et
496 3515 648 3585 Hyampolis
660 3516 697 3567 al·
743 3518 908 3568 Parnassum.
939 3544 975 3555 ·-
1001 3513 1250 3589 Propellentemque

193 3602 250 3643 tera
260 3589 401 3643 Ptolemaeo
414 3592 440 3642 in
450 3592 562 3658 Boeotia,
574 3611 627 3644 non
637 3613 698 3664 pro·
741 3595 850 3648 Liloeam
866 3594 979 3666 Cephissi
984 3593 1101 3667 placiule
1109 3607 1199 3664 caput.
1210 3595 1251 3646 Li·

194 3669 238 3720 cul
252 3671 286 3721 ab
298 3669 477 3723 Orchomeno.
741 3672 788 3725 laea
806 3674 869 3725 urbs
892 3673 1013 3726 Phocidis
1034 3673 1080 3724 ubi
1103 3673 1249 3744 Cephissut

228 3747 288 3812 346.
302 3748 446 3801 Suhnixam
456 3748 569 3819 scopulo.
583 3750 696 3803 Submis·
741 3753 830 3804 fontes
844 3752 931 3803 habet.
952 3756 1098 3804 Homerus:
1113 3751 1148 3804 Oi
1163 3773 1191 3806 as
1205 3753 1248 3805 Δι’·

191 3843 246 3877 sam
260 3828 366 3897 scopulo
380 3827 457 3881 Aldd.
472 3827 558 3880 Colin.
578 3827 653 3880 Basil.
670 3842 695 3880 et
740 3846 810 3885 war
826 3829 879 3896 ἔχον
894 3831 976 3897 onais
994 3829 1034 3882 inl
1049 3832 1183 3894 Knosos-oio.
1199 3833 1248 3884 Hic

192 3904 320 3954 Plant·--
330 3907 380 3959 Vel
389 3910 434 3980 qui
444 3910 589 3962 Parnasson
600 3918 696 3959 utrum·
741 3910 834 3962 iluvius
852 3929 938 3981 prope
952 3909 1020 3961 hanc
1036 3910 1128 3962 urbem
1143 3913 1246 3964 fontem

192 4001 249 4053 que
261 3980 290 4032 lcl
300 3997 352 4049 est,
363 3986 431 4039 duos
441 3991 550 4041 vertices
560 3989 695 4054 Parnassi,
740 3990 871 4061 concipit,
886 3988 1021 4061 Edylium,
1033 3991 1249 4063 Parnassumque

192 4081 304 4134 quorum
321 4082 389 4116 unus
408 4067 512 4120 Baccho
529 4088 610 4136 sacer,
631 4066 696 4120 alter
741 4081 858 4120 montem
868 4069 1023 4132 intersecat,
1037 4082 1062 4120 et
1072 4071 1158 4142 ipsam
1170 4073 1247 4140 Βαο-
