2616 4792
133 367 175 448 st
367 371 402 432 r.
430 371 463 432 r.
489 322 641 434 srlru
667 369 942 440 rnaslrnos

176 493 340 590 Nudaque
352 519 415 587 pro
425 496 511 562 caris
524 518 696 588 opponere
708 513 844 588 pectora
856 503 973 568 muris.

199 688 203 698 Ι
222 609 289 673 Vos
302 608 402 674 etiam
414 610 553 690 nostris,
568 606 742 674 Heliconia
756 609 871 693 turba,
885 614 1008 682 venitis

174 714 305 784 Addere
317 715 417 784 rebus
430 739 530 808 opem
542 743 551 798 3
565 731 685 810 tuque,
699 741 720 783 ο
732 722 918 801 Permesse,
931 728 1066 793 canoris

173 830 232 912 Et,
246 828 325 897 felix
336 828 460 909 Olmie,
472 827 582 905 vadis,
596 831 733 896 armatis
746 829 902 898 alumnos

174 936 341 1006 Bellorum
354 934 499 1005 resides:
513 938 629 1027 patriis
642 938 861 1007 concentibus
873 940 971 1009 audis

172 1048 349 1116 Exsultare
362 1069 497 1138 gregem
510 1072 516 1111 :
531 1044 664 1140 quales,
678 1071 784 1141 quum
798 1047 923 1140 pallida
935 1050 1026 1120 cedit

172 1161 311 1238 Bruma,
325 1154 536 1223 renidentem
547 1154 721 1224 deducunt
732 1161 913 1252 Strymona
925 1166 1034 1254 cycni.

172 1271 221 1333 lte
232 1266 376 1346 alacres,
388 1287 565 1360 nunquam
577 1269 679 1333 vestri
691 1270 879 1335 morientur
890 1269 1055 1354 honores,

172 1374 328 1470 Bellaque
341 1393 504 1471 perpetuo
516 1377 754 1447 memorabunt
765 1383 914 1448 carmine
927 1388 1047 1451 Musae.
1060 1414 1074 1444 r

217 1491 370 1570 Dixerat,
382 1505 415 1558 et
425 1488 581 1582 paullum
592 1491 686 1581 virgo
698 1491 856 1558 interfata
868 1491 1020 1560 docenti:

124 1692 184 1726 cum
196 1675 267 1726 conf.
279 1686 386 1741 notata,
402 1688 472 1728 nost.
486 1676 625 1728 edictam.
671 1677 708 1726 Et
714 1674 787 1746 felix
802 1677 906 1748 Ormipe
919 1676 1013 1729 Behot.
1030 1678 1074 1743 1,l

125 1755 170 1820 lv,
181 1772 209 1824 p.
222 1753 266 1807 65.
285 1757 331 1806 En.
673 1754 763 1806 herine
778 1755 869 1807 behot.
883 1774 911 1816 ²3
926 1756 1046 1808 armastis
1056 1776 1072 1807 a

161 1834 222 1885 281.
240 1820 495 1906 Opponerepectoi‘a.
505 1835 628 1905 Beneop-
671 1836 730 1885 Put.
743 1837 852 1905 -Reg.
868 1837 900 1902 B,
914 1837 962 1902 Et,
970 1835 1074 1907 felixb

122 1930 220 1983 ponere
231 1911 310 1978 dicit,
325 1911 359 1963 ad
373 1911 556 1963 defensionem
569 1931 628 1962 mu·
672 1913 743 1965 vadis
751 1916 868 1966 annastis
878 1914 999 1966 alumnos
1007 1914 1074 1966 habe

125 2011 224 2044 rorum.
242 1995 369 2045 Licrtnr.
672 1995 710 2062 C,
728 1995 831 2062 Ormie,
850 2015 874 2045 v.
889 1996 996 2046 annatis
1009 1994 1045 2046 al.
1061 2014 1074 2047 e

162 2073 222 2124 282.
248 2069 388 2123 Heliconia
411 2072 506 2135 turba,
529 2071 627 2123 venitis.
673 2074 767 2124 En-
783 2072 870 2125 Olmie
885 2072 1074 2143 (Hormie).H

126 2153 200 2203 Unus
213 2149 304 2202 Behot.
318 2150 429 2203 venistis.
441 2180 477 2189 -
488 2150 628 2202 Heliconia
674 2151 768 2203 fluvius
780 2154 899 2218 Boeotiae,
911 2154 995 2203 Musis
1008 2169 1074 2204 sace]

127 2235 207 2286 turba.
224 2232 348 2303 intelligit
364 2233 516 2284 Lactantius
535 2244 628 2303 poetas
710 2230 770 2283 285.
789 2230 923 2283 Bellorum
936 2230 1034 2282 resides.
1045 2230 1074 2282 Ar

126 2314 282 2366 Heliconem
296 2327 413 2366 montem
427 2331 532 2366 sacrum
546 2312 629 2364 Musis
675 2312 790 2375 assueti,
810 2311 855 2380 qui
874 2307 920 2360 diu
939 2308 973 2360 ab
991 2310 1074 2362 armis

127 2394 282 2445 incolentes.
292 2397 399 2446 Praestat
411 2393 515 2445 accolas
526 2393 630 2444 Helico·
674 2402 774 2442 verant.

128 2475 170 2525 nis
184 2473 299 2542 populos
312 2472 471 2542 intelligere,
489 2490 556 2543 quos
570 2472 631 2523 resi-
713 2469 772 2538 287.
792 2468 908 2532 Bruma,
929 2467 1074 2520 renidentes

129 2549 171 2604 des
179 2551 401 2614 bellorumvocat,
413 2552 486 2623 quod
493 2571 565 2603 arma
575 2571 630 2603 non
676 2549 774 2600 Bruma
785 2548 936 2600 renitentem
944 2547 1010 2598 Dan.
1023 2549 1073 2598 Put

129 2642 285 2680 tractarent:
294 2627 633 2700 quodomnibusfereThe·
676 2625 818 2677 Lindenbr.
833 2639 859 2676 et
870 2625 949 2693 Orac.
964 2626 1074 2678 renitent

131 2708 208 2758 banis
218 2706 346 2759 familiare
357 2722 425 2774 erat,
436 2720 465 2758 ut
475 2723 555 2776 supra
565 2709 633 2758 Bac·
677 2704 746 2756 hou.
756 2705 1000 2774 1,2.·—Strymona.
1007 2703 1074 2778 Stryr

131 2785 198 2837 chus
222 2797 304 2836 notat.
328 2785 424 2838 lisdem
444 2802 506 2835 vero
527 2785 634 2836 fictione
677 2786 735 2836 vius
749 2783 890 2834 Thraciam
902 2796 928 2834 et
942 2782 1074 2835 Macedon

132 2866 238 2937 poetica
254 2879 400 2916 concentus
416 2864 513 2914 Noster
527 2863 634 2930 tribuit,
679 2865 836 2917 aterminans
847 2877 873 2914 et
884 2864 912 2913 in
921 2864 1009 2914 sinum
1019 2865 1074 2915 exie

133 2946 210 3014 quasi
219 2944 313 3015 populi
322 2942 360 2995 illi
368 2943 570 2996 Heliconiadum
580 2947 636 2996 Mu·
679 2942 713 2994 ab
727 2943 786 3014 ipso
800 2943 869 2995 sinus
881 2943 1074 2996 Strimonicuss

133 3041 223 3076 aarum
234 3037 329 3076 cantus
341 3025 484 3075 imitentur.
680 3024 758 3074 Nunc
765 3023 892 3073 Marmari
901 3021 941 3074 vel
951 3021 1073 3074 Rendina

172 3104 231 3156 283.
253 3104 358 3176 Tuque,
375 3104 544 3169 oPermesse‚
556 3123 636 3156 cano·
680 3098 1074 3173 Deducuntcycni.Qniaapudl

134 3184 176 3237 ris.
191 3184 328 3235 Parmense
340 3183 397 3234 Put.
410 3182 531 3235 Barthius
542 3203 635 3236 corre·
680 3201 714 3234 na
724 3183 869 3234 multisunt
880 3183 963 3254 cycni.
975 3181 1074 3234 Deduct

134 3264 173 3316 xit
184 3265 319 3316 Tennesse.
329 3263 393 3334 Heg.
404 3263 437 3328 B,
447 3262 584 3316 Parmense
591 3262 636 3315 ha·
679 3262 877 3314 ducunturvero
886 3263 1031 3333 cycni,non
1040 3262 1074 3313 de.

134 3343 194 3406 bet3
209 3345 273 3414 fleg.
292 3341 314 3394 C
331 3354 448 3395 nostram
466 3341 574 3394 lection.
589 3345 635 3394 En.
717 3341 775 3392 288.
795 3341 940 3411 Nunquam
955 3339 1044 3405 vestri,
1061 3359 1074 3392 e

136 3451 172 3466 -
199 3425 336 3476 Permesse.
364 3423 513 3475 Permessus
542 3421 637 3475 fluvius
681 3422 783 3491 optimo
801 3419 872 3471 libro
886 3418 983 3470 diserte
997 3422 1074 3491 script

41 3504 48 3515 ⁴
136 3503 256 3568 Boeotia,
271 3514 360 3552 ortum
375 3499 476 3554 habens
492 3504 519 3554 in
531 3500 638 3554 Helico·
680 3500 834 3561 nostri5'sed
844 3500 932 3550 invitis
944 3498 1074 3551 nobiae}

136 3602 187 3651 ne,
200 3600 250 3655 per
260 3581 387 3632 boeotiam
400 3582 428 3632 in
440 3580 587 3652 Copaidem
600 3580 636 3632 la·
717 3580 777 3650 289.
788 3577 915 3652 Bellaque
919 3590 1061 3651 perpetuo,
1073 3608 1074 3624 ι

136 3680 196 3715 cum
211 3659 339 3725 influens,
353 3657 452 3712 Phoebo
464 3672 490 3712 et
501 3661 584 3713 Musis
596 3679 637 3712 sa·
681 3658 1075 3724 eodemlibronecvola,necve

132 3758 190 3807 cer,
202 3739 327 3794 Straboni
334 3737 380 3790 lib.
392 3740 437 3791 lx.
447 3738 525 3791 Unde
536 3740 637 3793 canoris
679 3748 718 3788 est
734 3735 812 3808 hujus
827 3754 926 3788 versus.
946 3737 1015 3786 Eum
1028 3750 1074 3788 tan

134 3820 322 3875 vadisdicitur.
679 3815 986 3890 minimeprojieiendum
994 3815 1074 3868 arbitr

171 3897 232 3965 284.
251 3902 299 3967 Et,
306 3896 378 3970 felix
392 3894 489 3960 Olmie,
500 3895 583 3962 vadis,
595 3914 635 3946 ar·
715 3914 774 3967 290.
795 3899 831 3950 Et
838 3895 962 3970 paullum
975 3897 1047 3970 uirpo
1058 3897 1074 3948 ir

134 3978 211 4030 matis
231 3978 360 4031 alumnos.
382 3979 419 4030 Et
433 3975 506 4047 felix
527 3976 636 4028 Hormie
677 3977 788 4029 docenti.
810 3976 913 4029 «Claris
932 3974 1014 4028 literis
1036 3994 1074 4028 eae

131 4059 201 4111 Dan.
216 4060 304 4112 Petav.
320 4057 499 4129 Lindenbrog.
515 4067 540 4108 et
553 4057 632 4109 Cruc.
677 4057 735 4110 duae
749 4058 804 4110 aliae
817 4057 973 4110 membranae
985 4057 1074 4112 referu
