2616 4792
244 386 305 454 52.
475 387 511 450 P.
537 385 572 450 P.
599 385 753 451 STATll
777 387 1055 458 THEBAIDOS

333 518 381 580 Ao
392 510 484 580 velut
494 512 648 603 ignotum
660 511 688 576 si
700 509 835 603 quando
847 527 1001 579 armenta
1011 537 1074 606 per
1085 539 1216 586 amnem

286 629 404 690 Pastor
415 623 499 713 agit,
514 635 580 688 stat
590 622 685 686 triste
698 642 818 711 pecus,
832 622 951 713 procul
963 622 1068 691 altera
1081 624 1179 694 tellus

287 732 466 814 Omnibus,
479 747 513 798 et
523 731 589 798 late
599 729 731 796 medius
743 735 861 799 timor:
874 748 926 799 ast
937 734 995 803 ubi
1008 735 1132 804 ductor

286 848 421 912 Taurus
432 843 513 921 init,
526 839 671 934 fecitque
684 839 827 921 vadum,
840 858 923 909 tunc
933 843 1069 912 mollior
1080 848 1188 930 unda,

287 960 385 1024 Tunc
396 953 509 1020 faciles
521 949 801 1045 saltus‚visaeque
812 951 972 1021 accedere
984 957 1079 1047 ripae.
1226 967 1261 1034 440

328 1052 1260 1156 Haudproculindejugum‚tutisqueaccommodacastris

287 1183 375 1244 Arva
386 1187 518 1254 notant,
532 1169 623 1238 unde
635 1169 755 1238 urbem
768 1174 868 1237 etiam
879 1188 1059 1268 turresque
1071 1177 1184 1245 videre

286 1285 438 1356 Sidonias
453 1308 460 1348 :
473 1280 601 1374 placuit
611 1279 723 1360 sedes,
736 1279 861 1374 fidique
872 1299 1045 1376 receptus,

202 1390 205 1395 ’
233 1444 237 1451 -
285 1392 378 1464 Colle
389 1417 451 1485 per
461 1390 631 1459 excelsum
642 1389 773 1483 patulo,
786 1414 889 1483 quem
900 1393 1017 1459 subter
1027 1411 1146 1486 aperto

286 1513 374 1573 Arva
385 1507 481 1585 sinu,
494 1500 647 1595 nullique
658 1499 731 1567 aliis
744 1525 765 1566 a
775 1500 947 1569 mont-ibus
960 1501 1097 1571 obstant
1225 1509 1259 1581 445

238 1691 336 1766 puduit
368 1711 414 1744 eos
441 1688 514 1762 quod
540 1691 624 1740 secuti
653 1700 741 1741 essent
784 1688 821 1741 tio
837 1703 984 1742 castrorum
996 1688 1260 1754 describunt-viq-

240 1771 336 1836 alinm,
351 1787 436 1842 neque
450 1767 532 1820 duces
546 1769 658 1820 fuissent
673 1768 739 1819 allis.
785 1765 980 1836 AEn.x1‚522:
994 1793 1006 1816 ι
1015 1771 1063 1822 Est
1073 1790 1155 1824 curvo
1165 1770 1262 1823 anfractu

274 1850 335 1920 436.
343 1849 384 1902 Ac
391 1849 461 1901 velut
468 1850 597 1923 iqnotum‚
606 1861 656 1900 etc.
665 1848 741 1899 Com·
784 1847 882 1915 valles,
898 1848 1070 1900 accommoda
1085 1848 1184 1914 fraudi,
1197 1857 1262 1899 arnt·

239 1929 403 2001 parationem
423 1926 492 1979 lianc
512 1927 613 1998 pariter
633 1926 740 1996 optimis
785 1943 897 1997 rumque
910 1924 1007 1977 dolis.»
1020 1926 1074 1978 Ubi
1083 1927 1138 1981 viel.
1151 1941 1203 1980 not.
1211 1930 1262 1976 nost·

237 2007 357 2061 versibus
372 2007 516 2079 proposuit
529 2005 649 2057 Valerius
667 2005 741 2058 Flac·
786 2002 849 2053 edit.
863 2016 927 2054 tom.
939 2005 982 2054 IV.
996 2022 1058 2074 pag.
1073 2004 1133 2075 249.
1151 2005 1196 2056 En.

172 2130 175 2135 -
238 2089 459 2157 cus‚Argou.1V‚
471 2082 519 2154 195
528 2099 633 2157 etseqq.
648 2086 741 2153 «Qua-
821 2081 882 2148 442.
904 2083 1046 2154 Turresque
1057 2084 1150 2135 videre.
1166 2071 1264 2152 «Optimi

238 2167 298 2221 liter
315 2168 412 2238 ignotis
434 2176 602 2236 spumantem
619 2164 740 2216 funditus
786 2173 813 2211 et
820 2160 926 2212 alterius
937 2160 1036 2212 codicis
1043 2160 1124 2214 lectio
1135 2155 1264 2215 concinnior

239 2267 342 2302 amnem
362 2248 467 2297 Taurus
484 2244 560 2314 aquis
580 2245 625 2314 qui
639 2244 740 2314 primus
785 2239 900 2308 videtur,
919 2240 1064 2292 viderent„
1088 2242 1183 2294 Banna.
1201 2235 1265 2291 videte

238 2329 303 2393 init,
320 2328 472 2398 spernitque
490 2336 651 2389 tumentem,
671 2323 741 2373 Pan·
786 2331 824 2370 est
836 2318 896 2370 edd.
914 2332 976 2371 vett.
990 2318 1058 2371 Vide
1074 2319 1190 2374 Gronov.
1205 2315 1264 2373 Obll·

238 2407 277 2460 dit
291 2409 352 2459 iter:
369 2425 430 2457 mox
442 2423 521 2457 omne
535 2421 632 2473 pecus,
647 2401 741 2454 formi-
786 2398 832 2450 lib.
847 2400 887 2466 11,
901 2417 960 2470 cap.
978 2400 1018 2466 14.

239 2484 301 2537 dine
310 2485 400 2556 pulsa,
413 2486 484 2536 Pone
497 2483 583 2550 subit,
592 2486 703 2554 jamque
715 2494 741 2533 et
821 2479 882 2547 444.
904 2478 976 2530 Colle
985 2498 1034 2550 per
1041 2479 1170 2534 excelsum
1179 2468 1266 2550 patulo

239 2563 331 2615 mediis
354 2562 479 2634 praecedit
503 2563 536 2613 ab
562 2563 672 2614 undis.»
699 2560 742 2611 Ad
785 2575 864 2629 quem
880 2558 964 2608 subter
976 2568 1075 2627 aperto:
1096 2556 1168 2609 Galle
1182 2561 1266 2629 pert-i·

240 2640 340 2690 calcem
360 2639 430 2690 illius
447 2638 493 2689 lib.
509 2639 563 2689 vid.
580 2653 671 2689 uotam
694 2635 741 2705 195
785 2635 882 2688 celsum
901 2634 996 2706 patula
1015 2653 1094 2707 quam
1117 2635 1210 2702 subter,
1229 2639 1266 2682 ett-

239 2719 302 2770 novi
310 2717 431 2782 editoris,
441 2719 525 2767 tom.l
532 2735 607 2786 ‚pap
617 2715 647 2766 31
656 2733 678 2767 1.
692 2715 740 2766 En.
786 2716 855 2767 Dan.

276 2794 337 2862 438.
351 2795 389 2846 Et
396 2793 555 2846 latemedius
563 2795 647 2845 timor.
655 2794 685 2845 nl
693 2807 741 2861 est,
822 2792 883 2862 445.
905 2794 975 2846 Arva
985 2794 1058 2861 sinu,
1072 2793 1192 2867 nullique
1201 2788 1269 2844 attin

240 2873 379 2926 timorillis
389 2887 558 2945 representat
568 2872 685 2926 medium
695 2873 742 2925 flu·
786 2875 916 2928 montibus
934 2875 1044 2926 obstant.
1063 2874 1135 2927 Arva
1152 2877 1201 2928 situ
1217 2863 1269 2941 opti·

239 2953 310 3004 vium
322 2952 488 3004 latissimum.
786 2971 844 3003 mus
861 2950 1027 3003 Barthianus.
1040 2953 1150 3024 -Reg.
1168 2947 1270 3019 ΒΑΜ

275 3031 336 3099 439.
356 3032 588 3102 Fecitquevadum.
601 3035 742 3103 «Optimus
786 3050 805 3083 s.
818 3029 950 3104 nullisque
958 3029 1042 3082 aliine
1051 3032 1183 3083 montibus
1193 3023 1271 3082 tunel

239 3122 267 3160 et
282 3108 347 3161 alter
356 3109 474 3182 fecitque
488 3111 573 3174 υἰανη,Ι
590 3110 662 3183 quod
677 3130 742 3182 pro·
786 3107 882 3169 hahet;
896 3110 959 3176 neg.
970 3108 1007 3173 C,
1019 3107 1091 3159 Arva
1103 3128 1121 3160 s.
1136 3129 1163 3161 n.
1175 3108 1211 3161 al.
1223 3117 1270 3158 an·

239 3186 308 3240 bo.»
330 3190 426 3240 Banu-n.
787 3188 892 3239 instent.
905 3183 1152 3258 -Nulliqueeliis
1164 3176 1273 3238 amenti·

276 3267 337 3334 440.
360 3268 390 3318 V
389 3269 603 3340 isaequeeecedere
613 3272 683 3341 ripe.
695 3272 743 3322 Re·
788 3268 832 3319 bus
843 3268 943 3319 obstant
954 3267 1101 3337 Despectus.
1114 3267 1148 3318 ld
1156 3281 1211 3332 est,
1222 3255 1274 3317 null

239 3347 291 3407 lert
310 3346 361 3397 hoc
380 3345 414 3397 ad
433 3349 586 3416 opinionem
606 3362 741 3400 arinento-
788 3362 892 3400 montes
908 3345 1014 3399 altiores
1029 3361 1123 3414 erant,
1139 3350 1185 3420 qui
1201 3340 1275 3416 despi·

240 3445 313 3493 rum,
326 3425 437 3498 quibus,
450 3439 568 3479 cessante
580 3430 688 3497 timore,
700 3429 742 3480 fir·
787 3443 876 3481 serent
887 3427 960 3479 hunc
980 3426 1091 3494 collem,
1105 3441 1133 3479 et
1149 3446 1181 3480 ex
1192 3425 1275 3501 quibu

240 3507 348 3559 matisve
358 3505 478 3575 exemplo
491 3509 558 3557 tauri
569 3510 741 3574 transeuntis,
785 3508 906 3560 infestari
931 3519 1044 3578 poterat.
1067 3505 1186 3574 Gallice,
1209 3496 1277 3559 nele

240 3599 304 3637 tunc
316 3583 420 3636 videtur
432 3583 503 3635 fluvii
518 3584 629 3636 altitudo
645 3588 740 3652 minor,
786 3587 997 3639 commundoient
1007 3585 1093 3657 point.
1102 3615 1141 3626 -
1150 3588 1199 3639 Est
1207 3581 1279 3640 omni·

166 3706 168 3712 .
240 3677 266 3714 et
279 3663 385 3715 brevior
396 3662 517 3714 latitudo.
786 3683 822 3715 no
841 3664 965 3717 notabilis
984 3665 1077 3716 castris
1096 3667 1153 3737 apti
1170 3666 1226 3720 loci
1242 3664 1281 3718 le·

275 3742 337 3808 441.
355 3742 422 3793 Inde
429 3743 534 3813 juqum.
549 3743 635 3794 Locus
650 3744 741 3794 castris
786 3744 904 3813 scriptio.
930 3743 970 3793 De
993 3741 1089 3794 talibus
1112 3743 1175 3798 vide
1195 3743 1282 3798 Leonlt

239 3821 337 3888 aptior,
355 3820 402 3872 uhi
415 3839 491 3872 mons
508 3821 536 3871 in
549 3822 661 3888 vicinia,
675 3842 740 3892 pro·
785 3821 941 3892 Philosophi
951 3834 976 3872 et
986 3824 1158 3892 imperatoris
1169 3827 1284 3879 Tactieo-

238 3898 625 3967 pterspeculationeshostium,
635 3914 661 3953 et
669 3901 742 3971 quod
786 3921 845 3953 rum
855 3902 1010 3974 Epilogum‚
1020 3903 1215 3958 Onosandrum
1226 3906 1287 3960 sne

239 3985 311 4025 tutus
325 3976 353 4026 in
365 3994 426 4027 eum
437 3990 570 4050 receptus.
586 3980 645 4029 Vet.
659 3978 741 4031 Scho-
785 3983 916 4050 tegmine,
930 3983 1020 4052 Veget.
1035 3979 1105 4034 libro
1118 3985 1146 4052 l,
1160 4003 1223 4058 cap.
1242 4001 1286 4048 223

239 4049 307 4103 liast.
319 4081 355 4092 -
366 4052 542 4109 Aceommoda
555 4056 650 4111 castris.
666 4058 741 4107 Posi·
785 4056 831 4109 lib.
843 4061 892 4125 ΙΙΙ,
904 4077 928 4111 e.
939 4058 963 4109 8.
983 4061 1082 4112 Baaru.
