2616 4792
133 380 176 458 ll

369 380 404 442 P.
431 379 466 442 P.
490 378 644 443 STATll
668 378 944 445 THnnatnos

177 506 360 599 Intercepit
370 508 452 573 iter:
467 507 597 574 refovet
608 507 759 598 frigentis
771 508 918 575 amicum

178 617 297 682 Pectus
308 614 447 682 alumna
459 618 547 686 senis
561 644 568 683 :
582 616 686 699 redit,
702 632 804 711 atque
815 616 901 684 exile
912 617 1088 711 profatur:

228 755 242 784 a
256 727 285 792 Ο
299 724 382 792 mihi
393 726 575 796 sollicitum
588 726 691 795 decus
702 750 742 794 ac
754 751 914 821 suprema
924 727 1097 820 voluptas,

177 835 359 927 Antigone!
375 860 467 904 seras
478 836 539 903 tibi
551 835 710 903 demoror
721 836 895 930 improbus
908 837 1064 922 umbras,

176 949 258 1013 Fors
270 946 388 1016 eadem
400 947 526 1015 scelera
538 963 571 1014 et
583 946 691 1014 caedes
704 950 838 1015 visurus
850 950 967 1015 avitas.

1126 955 1171 1010 365

176 1059 290 1124 Donec
302 1073 335 1125 te
348 1056 503 1125 thalamis
516 1056 662 1127 habilem
672 1109 680 1138 ‚
692 1060 925 1150 integramque
937 1058 1123 1149 resigneru,

177 1172 251 1236 Hoc
262 1171 358 1250 satis,
373 1184 406 1235 et
417 1169 545 1235 fessum
558 1171 626 1235 vita
639 1166 812 1252 dimittite,
825 1175 946 1236 Parcae.

227 1307 241 1336 a
257 1276 321 1345 Sed
332 1276 416 1344 dum
428 1277 523 1345 labor
534 1278 641 1359 iners,
655 1281 773 1372 quanti
785 1303 876 1346 nunc
888 1301 965 1345 ecce
975 1279 1087 1344 reviso

174 1387 398 1455 Transabiere
409 1388 523 1457 duces.
537 1386 694 1455 Clonium
706 1391 857 1483 atquein
869 1404 962 1478 terga
972 1401 1146 1454 comantes

127 1615 179 1655 test
191 1622 249 1657 esse
260 1610 401 1678 temporis,
414 1621 440 1661 et
451 1628 549 1661 nomen
562 1628 628 1681 par·

127 1681 241 1753 ticipale.
257 1684 380 1737 Ostendit
396 1686 574 1740 Phorbantem
588 1690 629 1739 in-

127 1773 246 1832 tercepta
255 1763 413 1833 singultibus
425 1780 490 1815 voce
501 1765 575 1837 loqui
585 1765 630 1816 nri·

128 1841 197 1890 nime
209 1844 336 1913 potuisse.
355 1846 481 1896 Ltcrsnr.

163 1918 224 1970 362.
243 1921 337 1973 Pectus
355 1920 465 1971 alumna
482 1921 569 1972 senis:
590 1937 628 1972 re-

126 1998 186 2064 dit,
211 2013 288 2073 atque
307 2001 374 2053 exile
396 2000 525 2073 profatur.
555 2001 628 2052 Unus

126 2076 218 2130 Behot.
230 2079 298 2131 exile
307 2079 437 2152 profatus.
450 2109 486 2118 —
501 2079 627 2131 Alnmna.

125 2157 267 2228 Antigone.

162 2236 224 2289 363.
253 2239 275 2290 0
294 2237 364 2288 mihi
383 2236 523 2289 sollicitum
542 2236 626 2288 decus.

125 2320 228 2371 Honori
240 2320 309 2372 enim
320 2332 377 2372 erat
388 2316 533 2370 Phorbanti
543 2328 629 2369 custo·

125 2398 169 2451 dia
183 2400 344 2472 Antigones,
361 2398 410 2451 sed
423 2397 467 2450 illa
481 2398 559 2470 plena
573 2399 628 2450 sol·

125 2477 269 2530 licitudinis
282 2492 307 2531 et
318 2498 449 2530 curarum.

161 2555 222 2608 365.
242 2559 398 2609 Forsendern
408 2555 521 2624 scelera,
532 2571 581 2608 etc.
592 2559 628 2608 Ut

72 2630 77 2633 ’
125 2633 455 2704 quemadmodumLaium
472 2637 557 2704 perire
575 2634 627 2686 vidi

125 2729 206 2762 manu
220 2715 322 2784 proprii
340 2713 402 2777 filii,
424 2714 461 2764 sie
481 2727 507 2764 et
525 2713 627 2764 videam

126 2792 183 2861 ejus
197 2804 308 2861 nepotes
321 2806 414 2843 mutua
427 2791 496 2844 caede
508 2795 601 2863 perire.

161 2871 222 2926 366.
240 2873 425 2946 Integramque
441 2874 575 2946 resiqnem.
589 2873 627 2925 si·

125 2962 171 3001 cut
181 2951 271 3019 accepi
279 2950 434 3003 servandam
440 2954 626 3023 virginitatem,

125 3031 162 3081 sic
175 3042 201 3080 et
213 3030 341 3098 integram
354 3043 380 3080 et
388 3029 515 3082 illibatam
527 3032 627 3102 nuptiis

124 3119 151 3158 et
163 3125 262 3176 sponso
275 3109 419 3159 restituam.

161 3188 221 3241 368.
240 3187 291 3239 Sed
309 3187 334 3237 d.
355 3187 373 3238 l.
394 3187 430 3238 in.
446 3207 470 3259 q.
487 3208 556 3240 stunc
571 3207 627 3240 ecee

125 3267 214 3318 reviso.
224 3265 346 3317 Barthius
357 3265 509 3337 parenthesi
521 3266 627 3319 inclusit

124 3346 218 3398 verba:
230 3365 363 3397 nnncecce
370 3348 458 3398 reviso.
466 3348 559 3399 —Sed
564 3348 626 3398 dnm

126 3424 201 3477 labor
214 3425 288 3476 iners.
306 3425 375 3490 Quia
383 3422 534 3495 ¹deliquium
546 3428 626 3477 animi

125 3524 218 3574 passus
233 3518 299 3555 erat.

161 3582 222 3653 369.
243 3583 364 3636 Cloninm
375 3592 452 3653 atque
465 3583 492 3632 in
505 3593 575 3656 tergo
585 3602 626 3636 eo·

125 3673 232 3714 mantes.
242 3691 279 3702 -
290 3661 413 3712 Chromin
422 3671 499 3732 atque
509 3663 536 3713 in
546 3671 624 3734 terga.

125 3738 196 3790 Alibi
210 3741 261 3791 hoc
280 3741 387 3791 nomine
404 3741 496 3805 utitur,
517 3739 562 3791 uhi
578 3741 627 3792 ha-

124 3817 189 3868 bent
199 3820 330 3888 integrum
341 3818 498 3870 membrana
508 3840 513 3869 :
526 3819 573 3870 sed
583 3819 626 3871 hic

125 3896 235 3946 mirifice
244 3900 360 3964 variant,
374 3896 492 3962 Clomin‚
503 3897 626 3965 alemini,

81 4018 86 4029 .
127 3973 231 4037 domiti,
245 3973 343 4026 doram.
351 3976 462 4028 Videtur
472 3978 562 4042 fuisse,
572 3976 628 4030 Clo

128 4053 216 4112 nium5
229 4069 290 4103 nam
301 4066 327 4104 et
336 4055 451 4110 Homero
463 4053 592 4127 llpoloitnp
603 4076 628 4110 rei

674 1605 762 1663 Kaine
781 1627 817 1659 rr.
840 1607 966 1678 Idemque
987 1603 1174 1657 restituendum

672 1701 739 1758 puto
759 1686 811 1738 boc
831 1686 899 1739 libro
918 1705 956 1738 vs.
973 1701 1039 1754 712,
1058 1685 1175 1735 «falcato

673 1766 801 1818 Chromin
817 1780 843 1819 et
854 1765 1044 1818 Chremetaona
1057 1783 1152 1817 curru:
1162 1783 1178 1808 ν

584 1884 586 1888 -
673 1865 735 1898 narn
746 1848 824 1896 tertio
835 1857 896 1915 post
907 1862 983 1896 versu
995 1861 1088 1894 rursus
1102 1842 1177 1895 Chro-

667 1925 722 1986 mis
733 1923 817 1987 eadit,
832 1923 921 1994 ibique
933 1923 1034 1974 habent
1046 1920 1181 1973 illibatum

672 2005 779 2055 Veteres
789 2024 795 2053 r
805 2001 848 2053 hic
857 2015 944 2053 autem
954 2039 962 2068 ‚
975 1999 1120 2065 Clomium,
1130 1995 1177 2051 Cli·

673 2101 794 2148 menum,
818 2080 922 2134 Clonin.
945 2080 1024 2131 Liber
1042 2080 1176 2149 optimus,

675 2161 813 2226 Chromin,
834 2160 881 2211 sed
901 2161 938 2210 ita
959 2171 988 2210 ut
1008 2157 1092 2209 literis
1111 2157 1183 2224 ΗΒ,

673 2237 1175 2308 subducaturvirgula‚suprascriptum

672 2319 706 2370 sit
716 2319 749 2384 L,
763 2319 872 2387 Repone
880 2316 978 2387 igitur:
994 2336 1006 2360 α
1015 2312 1141 2366 Clonium
1151 2326 1177 2366 et

672 2397 864 2449 Chremetaona
892 2412 1004 2445 errem.»
1034 2391 1123 2444 Habes
1152 2404 1176 2444 et

673 2474 746 2547 apud
760 2474 896 2544 Virgilium
909 2470 1012 2524 AEneid.
1032 2472 1086 2538 tx,
1102 2483 1128 2522 et
1143 2471 1184 2521 X..

672 2557 790 2608 Gnonov.
806 2587 842 2596 -
853 2557 915 2625 Reg.
933 2556 969 2620 B,
987 2551 1083 2606 Clonin
1100 2561 1178 2624 atqtoe

673 2636 700 2685 in
717 2647 786 2705 torpa
805 2635 923 2686 conantis
939 2632 1036 2695 habet;
1054 2633 1119 2704 Reg.
1139 2633 1176 2697 C,

671 2712 778 2762 Donum
792 2722 869 2785 atque
881 2712 908 2762 in
923 2715 966 2783 ‘3'st
979 2714 1092 2764 cometes
1106 2709 1177 2762 exhi·

672 2790 725 2842 bet.
735 2792 781 2841 En.
789 2791 864 2840 —In
873 2803 942 2864 terpa
952 2799 1084 2841 comantes
1091 2789 1178 2841 Aban·

672 2871 761 2922 tiadas.
777 2871 815 2921 Ex
831 2872 961 2920 Homero:
981 2866 1058 2921 inriti
1074 2864 1177 2932 urnior-

671 2970 730 3012 τις,
751 2968 821 3020 pone
841 2959 979 3000 comantes.
998 2948 1032 2998 Et
1051 2945 1178 2998 dicuntur

672 3029 788 3080 Abantes
807 3028 912 3079 Euboeae
930 3025 1026 3098 populi
1041 3044 1114 3096 pone
1131 3046 1187 3078 cor-1

673 3118 784 3173 marites,
800 3109 860 3179 quia
873 3106 1006 3156 anteriora
1018 3103 1177 3173 capillorum

672 3186 835 3239 resecabant.
857 3186 955 3237 Eorum
976 3202 1049 3234 ruore
1067 3197 1176 3234 tonsum

671 3265 781 3337 Delphis
803 3264 935 3316 Theseum
960 3274 1047 3313 narrat
1068 3262 1176 3313 Plutar-

672 3346 746 3397 chus.
761 3347 817 3395 Hoc
829 3363 891 3395 vero
902 3342 1055 3394 observasse
1067 3355 1176 3407 censet,

673 3445 726 3497 quo
738 3426 823 3476 minus
835 3435 984 3495 pugnantes
996 3419 1119 3472 hostibus
1129 3420 1176 3472 da·

671 3518 730 3555 rent
747 3523 836 3556 ansam
854 3500 993 3571 capiendi,
1008 3497 1176 3570 quod-etiam

670 3585 802 3634 factitasse
819 3581 926 3632 Curetes
946 3576 1036 3629 scribit
1053 3578 1176 3628 Antima-

671 3660 737 3713 chus
748 3659 889 3711 Euboicus.
900 3656 990 3709 Talem
1001 3657 1079 3708 etiam
1092 3656 1176 3708 luisse

672 3736 792 3806 Fieripirar
799 3735 868 3803 κόμην
876 3736 931 3790 vult
939 3736 1176 3801 lsaaciustetaes,

672 3838 752 3890 quam
766 3816 859 3869 laudat
872 3815 1024 3867 Eustathius
1043 3812 1118 3864 lliad.
1134 3823 1176 3875 Ψ,

671 3920 704 3952 ex
714 3895 899 3970 Lycophrona.
912 3897 947 3946 At
959 3897 1087 3945 Homerus
1099 3893 1176 3946 lliad.

673 3989 691 4030 Δ
698 4016 706 4040 ,
719 3975 834 4028 Thracas
844 3987 923 4027 vocat
932 3969 1086 4040 ἀκροκόμουςς
1100 3973 1185 4044 quod.

673 4059 701 4112 in
711 4074 814 4110 summo
824 4055 921 4106 vertice
933 4064 1020 4105 essent
1029 4046 1138 4103 comati.
