2616 4792
521 108 664 172 LIBER
689 109 770 172 Vll.

158 236 302 303 Parcior
313 230 476 299 humani?
486 231 577 299 videt
588 235 676 316 axis,
689 248 724 300 et
734 234 799 299 ista
809 246 870 325 per
881 256 992 302 aevum

1124 109 1167 176 25

1117 265 1170 301 200

156 351 304 414 Mecum
316 358 440 410 aeterna
453 339 590 426 domus,
604 345 736 436 quoties
745 340 816 435 jam
828 359 915 411 torta
927 368 1089 438 reponam

154 454 340 535 Fulmina,
352 476 455 546 quam
467 476 564 519 rarus
578 455 675 520 terris
687 453 742 520 hic
754 455 897 547 imperet
907 456 1005 546 ignis.

153 565 360 651 Quinetiam
371 565 497 630 invitus
508 587 631 655 magna
642 563 902 659 uleiscendaque
913 569 1022 658 passis

152 683 232 745 Aut
243 673 405 767 Lapithas
418 678 538 759 Marti,
550 692 608 742 aut
619 691 768 743 veterem
779 675 952 768 Calydona
963 681 1079 744 Dianae

151 791 368 877 Expugnare
379 781 457 852 dedi
470 812 478 868 3
492 809 634 879 meaque
645 802 697 853 est
705 783 853 878 jactura,
865 789 1026 880 pigetque
1122 797 1171 852 ,οε

152 900 233 964 Tot
244 911 377 962 mutare
388 899 535 978 animas,
547 912 597 964 tot
608 895 749 964 reddere
761 920 903 988 corpora
916 899 1003 964 vitae.

154 1004 354 1074 Labdacios
366 1030 460 1088 vero,
474 1007 822 1102 Pelopisqueastirpe
834 1025 974 1100 nepotes
1005 1030 1007 1035 ’

156 1117 320 1186 Tardum
331 1116 465 1187 abolere
478 1120 580 1188 mihi:
595 1122 659 1187 scis
671 1123 758 1212 ipse,
770 1137 809 1187 ut
819 1123 960 1188 crimina
970 1122 1104 1187 mittam

108 1335 172 1389 Ubi
185 1338 294 1392 vidend.
309 1354 366 1392 not.
378 1352 442 1393 tom.
454 1341 569 1414 praeced.
582 1359 627 1414 pa·

115 1419 173 1484 gin.
190 1419 234 1486 46.
254 1421 301 1472 En.

157 1515 219 1552 nor.
235 1501 340 1570 Quoties
343 1504 404 1573 jam
415 1512 482 1555 torta
492 1519 625 1573 reponam.

125 1571 271 1634 Markland.
284 1581 319 1633 ad
331 1582 391 1634 Silv.
402 1585 435 1649 V,
450 1600 477 1651 2,
494 1600 558 1651 102,
568 1604 626 1637 cor-

131 1657 192 1708 rexit
198 1664 264 1732 :jam
273 1671 342 1713 certa
350 1681 482 1733 reponam.
491 1663 557 1715 Vide
566 1664 625 1715 Nic.

136 1727 258 1790 Halosin
272 1738 382 1791 Advers.
398 1739 443 1790 lib.
458 1743 502 1807 IV,
516 1760 576 1813 cap.
594 1743 627 1810 6,

139 1823 162 1876 P·
172 1812 226 1868 6ιο.
238 1846 274 1857 -
284 1819 428 1889 Reperiam.
438 1821 583 1884 Revocem,
592 1841 628 1874 re·

142 1889 249 1961 Primam,
261 1896 410 1948 cohibeam.
429 1897 555 1950 Ltcranr.

172 1983 222 2024 ²02.
242 1975 326 2043 Quam
343 1993 415 2027 rents
434 1979 505 2030 terris
519 1977 562 2029 hic
579 1977 629 2029 im-

145 2059 202 2110 Wel
210 2054 283 2126 ipnis.
298 2053 474 2126 Peyraredus:
492 2075 572 2126 quam
586 2074 629 2107 ro-

147 2139 179 2174 ms
188 2138 258 2185 terras
269 2132 312 2185 liic
324 2135 429 2203 impetet
441 2135 516 2206 ipris.

175 2210 224 2261 to3.
245 2209 447 2285 Ulciscendaque
455 2212 543 2284 passis.
555 2213 630 2265 Unus

149 2275 219 2341 behor,
232 2310 327 2362 passus.

177 2367 225 2433 ²04.
245 2370 300 2422 Aut
320 2370 445 2441 Lapithas
464 2372 555 2423 Marti.
577 2369 631 2424 Aut

150 2432 251 2509 bpttitas
260 2449 364 2502 Behott.
378 2468 401 2516 t,
415 2469 438 2502 2.
447 2449 543 2503 —Aut
553 2452 630 2523 Lapi-

152 2516 193 2573 llas
203 2531 287 2582 Marti.
306 2534 377 2583 Mars
396 2534 476 2582 iratus
495 2531 630 2599 Pirithoo,

153 2602 206 2666 quod
224 2609 250 2660 in
272 2612 428 2681 nuptiarum
453 2610 631 2662 sollemnitate

152 2689 316 2764 llraetermissus
330 2690 416 2740 fuerat
428 2687 461 2738 ab
475 2707 522 2754 eo,
536 2690 631 2739 invita·

153 2764 272 2843 ”ulcereris
287 2768 356 2833 Diis,
371 2768 502 2838 simulque
513 2770 630 2821 Centau·

153 2848 189 2903 ΝΕ,
200 2843 299 2900 immisit
311 2848 430 2898 furorem
444 2848 582 2899 Centauris
597 2847 631 2898 atl

153 2907 313 2976 disturbandas
323 2926 447 2995 nuptias,
457 2937 482 2976 et
490 2923 632 2976 exscidium

153 2986 306 3064 lapitharum.
319 3033 355 3042 —
365 3003 422 3055 Aut
432 3016 540 3055 veterem
553 3002 633 3074 Coly-

154 3066 203 3127 ‘llmss
212 3082 310 3135 Dionae.
322 3083 407 3135 Diana
422 3082 456 3133 ab
470 3083 563 3134 OEneo
580 3083 632 3134 Ca-

154 3141 240 3239 llfloniae
255 3182 317 3233 rege
336 3164 364 3214 in
377 3161 507 3213 sacrificio
521 3176 632 3234 prseter-

154 3239 335 3304 mltsa,immisit
343 3259 437 3310 aprum
445 3240 632 3313 Calydonium,

155 3308 189 3374 lul
196 3333 242 3369 non
252 3320 316 3372 fecit
325 3318 404 3372 finem
416 3319 549 3372 vastandae
559 3318 633 3392 Caly·

156 3380 232 3463 dotite,
245 3399 332 3451 donec
345 3419 360 3450 a
371 3399 505 3471 Meleagro
518 3402 546 3451 in
563 3400 633 3452 cele·

156 3458 632 3532 brillavenationeoccideretur-‚Hune

159 3558 224 3633 a*fleta
233 3558 321 3611 locum
332 3560 449 3610 imitatus
461 3570 498 3610 est
508 3561 607 3611 Noster
618 3578 634 3611 a

158 3620 243 3698 llrgilio
255 3636 358 3690 AEneitl.
372 3638 435 3705 vu,
451 3637 503 3704 304
517 3650 542 3690 et
558 3656 632 3710 seqq.

162 3700 231 3763 ‘Mars
245 3716 353 3786 perdere
368 3729 474 3788 gentem
490 3718 633 3768 immanem

159 3773 274 3850 Lapithum
285 3794 382 3847 valuit:
395 3797 527 3849 concessit
540 3797 567 3846 iu
582 3797 633 3847 iras

670 1343 731 1412 lpse
741 1342 827 1393 Deum
838 1343 975 1414 antiquam
986 1342 1091 1412 genitor
1100 1340 1175 1414 Caly·

671 1420 742 1472 dona
758 1423 880 1473 Dianai.»

708 1501 769 1553 206.
785 1502 835 1552 Tot
844 1519 879 1552 m.
891 1522 915 1552 a.
928 1511 966 1553 tot
977 1501 1079 1552 reddere
1088 1517 1176 1572 eorpo-

672 1598 700 1631 ra
717 1581 785 1632 vitoe.
800 1579 882 1631 Iidem
899 1579 978 1631 codd.
994 1578 1097 1630 Behott.
1115 1597 1177 1630 cum

671 1660 759 1710 Burin.
773 1672 799 1709 et
811 1658 873 1711 Exc.
892 1657 1003 1711 Cantab.
1019 1668 1057 1709 tot
1070 1674 1177 1728 corpora

672 1736 1175 1790 reddentium—Totmutareonimas.

672 1816 916 1888 Metempsychosin
925 1815 1127 1888 Pythagorieam
1134 1832 1177 1865 re·

673 1898 759 1966 spicit.
779 1894 859 1965 Apud
879 1894 972 1946 Claud.
995 1895 1122 1956 XXXIII,
1144 1891 1177 1943 de

673 1977 762 2045 Raptu
772 1976 933 2044 Proserpina
943 1973 989 2024 lib.
1000 1976 1025 2039 l,
1037 1973 1069 2025 62
1081 1995 1087 2023 :
1104 1994 1114 2017 u
1125 1973 1179 2023 ani-

674 2074 722 2104 mae
742 2067 877 2105 mutantur
895 2055 922 2104 in
943 2066 1045 2105 artus.»
1067 2051 1119 2104 Ubi
1138 2051 1179 2102 ri·

674 2131 763 2184 denda
775 2145 837 2184 sunt
852 2144 958 2197 notata,
970 2144 1039 2184 nost.
1056 2129 1097 2183 ed.
1112 2142 1176 2181 tom.

674 2212 715 2277 11,
732 2229 793 2283 pag.
813 2209 870 2280 193.
889 2213 936 2262 En.
957 2239 994 2250 -
1015 2209 1178 2283 Pythagoras
1239 2258 1242 2267 ,

674 2291 732 2362 Ipse
746 2288 819 2362 apud
833 2289 973 2356 Ovidium,
991 2292 1098 2341 Metam.
1115 2289 1176 2351 XV,

678 2368 726 2422 165
741 2390 747 2420 ε
766 2372 884 2424 «Omnia
898 2383 1048 2435 mutantur,
1062 2365 1126 2419 nihil
1141 2368 1179 2418 in·

674 2451 767 2500 terit.»
796 2446 943 2520 Ad'quem
970 2448 1060 2500 locum
1084 2458 1178 2497 notata

675 2532 755 2581 etiarn
776 2529 864 2600 legere
884 2550 971 2602 operae
989 2531 1103 2602 pretium
1120 2541 1178 2591 est3

675 2622 744 2660 nost.
761 2609 822 2660 edit.
838 2624 902 2660 tom.
916 2613 964 2672 IV,
980 2629 1040 2680 pag.
1055 2607 1114 2677 509.
1130 2609 1176 2658 Eo.

675 2680 768 2739 -Tot
777 2687 880 2739 reddere
889 2707 997 2759 corpora
1007 2687 1073 2739 vitoe.
1085 2685 1115 2738 ld
1125 2699 1178 2751 est,

675 2785 725 2837 pro
739 2769 850 2819 mortuis
864 2767 1021 2840 corporibus
1035 2784 1103 2818 nova
1117 2765 1179 2817 sub-

677 2848 794 2897 stituere.

713 2942 773 2995 207.
790 2922 1180 2993 Labdacios.ldest,Eteoclem

677 3015 704 3055 et
716 3003 867 3075 Polynicem
880 3004 997 3056 Labdaci
1008 3016 1179 3073 pronepotes.

675 3112 712 3122 —
725 3081 883 3156 Pelopisque
893 3105 909 3134 a
918 3085 996 3154 stirpe
1008 3091 1118 3154 nepotes.
1131 3081 1181 3130 Ar·

677 3165 768 3233 givos,
779 3181 827 3214 seu
839 3164 1046 3234 Peloponnesios
1057 3158 1143 3212 Theb.
1154 3161 1181 3226 l,

678 3245 730 3312 224
744 3258 770 3296 et
784 3263 858 3316 seqq.
875 3246 975 3296 “Nune
993 3243 1110 3314 geminas
1128 3259 1181 3312 pu-

677 3325 734 3374 nire
746 3323 855 3390 domoS,
870 3326 927 3396 quis
940 3321 1075 3391 sanguinis
1089 3333 1181 3371 auctor

677 3402 736 3473 Ipse
751 3421 814 3471 ego,
828 3401 976 3454 descendo:
992 3404 1101 3450 Perseos
1113 3395 1181 3449 alter

676 3482 704 3532 in
713 3482 800 3551 Argos
810 3481 953 3546 Scinditur,
962 3479 1060 3530 Aonias
1069 3476 1127 3530 fluit
1136 3476 1180 3529 bic

678 3559 712 3610 ab
725 3562 824 3629 origine
834 3557 951 3610 Thebas.
962 3579 973 3603 n

715 3640 774 3690 208.
796 3633 1179 3706 Tardumaboleremilti.lleg.

678 3720 711 3782 B,
733 3718 848 3768 Tardum
870 3714 974 3767 adolere
997 3713 1063 3766 mihi
1083 3713 1180 3773 babet3

678 3797 742 3866 Reg.
755 3794 776 3846 C
788 3808 905 3846 nostram
918 3794 1026 3846 lection.
1044 3795 1089 3845 En.
