2616 4792
124 424 166 489 ²8

360 422 395 485 P.
421 423 458 489 P.
483 421 638 489 STATII
663 424 939 491 THEBAIDOS

168 548 1130 641 Quocunqueingressitremere,acmiserescerecnnctos

168 655 382 741 Thebarum,
396 661 453 751 qui
466 662 570 751 stirpe
582 658 699 743 refert,
713 661 771 753 qui
783 660 937 744 nomine,
950 677 984 726 et
996 665 1112 730 armis.
1124 677 1156 729 23

170 767 232 835 Ille
243 784 372 835 metum
384 768 548 851 condens,
561 768 677 836 audire
690 773 858 862 exposcit,
872 785 905 837 et
916 769 988 838 odit

169 883 383 947 Narrautem.
397 883 483 947 Hinc
495 879 592 947 dictis
605 883 713 948 socios
727 880 901 949 stimulare
909 906 1081 977 ,suasque

171 992 284 1057 Metiri
297 990 447 1059 decermt
458 1014 561 1083 opes
575 1008 744 1059 exciverat
755 1016 892 1060 omnem

171 1105 313 1170 Aoniam
321 1101 586 1197 „Euboeamque
598 1120 632 1170 et
642 1102 806 1172 Phocidos
816 1130 896 1171 arva
906 1127 1111 1199 propinquae
1127 1103 1229 1170 235

170 1216 284 1280 Mars.
298 1215 344 1278 ita
356 1211 455 1279 dulce
467 1215 553 1279 Jovi.
567 1218 684 1304 Longo
696 1215 782 1305 fugit
794 1215 913 1283 ordine
925 1214 1023 1283 velox

171 1326 331 1404 Tessera3
341 1321 537 1414 propellunt
549 1324 652 1408 acies,
667 1347 808 1419 seseque
821 1326 884 1393 sub
896 1327 999 1394 armis

163 1504 223 1559 230.
235 1506 395 1578 Quocunque
401 1508 507 1583 inpressi
513 1522 628 1578 tremere,

125 1603 157 1636 ac
174 1584 331 1636 miserescere
349 1597 455 1639 cunctos
474 1587 630 1639 Thebarum.

125 1663 259 1735 Guyetus:
272 1662 392 1716 Thebani
405 1679 535 1733 tremunt,
548 1681 632 1720 exter-

125 1745 154 1796 ni
163 1744 346 1795 miserescunt.
353 1746 507 1819 -Inpressi
517 1760 631 1799 tremere.

126 1822 253 1891 Corrige,
276 1825 421 1898 inpressus,
444 1825 558 1896 supple,
579 1837 633 1876 erat

124 1904 244 1954 nuntius
262 1903 414 1955 Parerithesi
429 1919 517 1956 autern
533 1903 634 1956 includi

125 1981 235 2034 debent.
256 1985 429 2035 Perninnnns.

165 2063 225 2114 231.
248 2064 298 2132 Qui
315 2062 394 2135 stirpe
408 2062 502 2133 refert,
523 2063 568 2136 qui
586 2082 635 2114 ao·

126 2140 214 2206 mine,
227 2152 253 2214 et
263 2143 350 2193 armis.
360 2143 483 2208 Corrige,
494 2161 545 2214 qua
557 2144 635 2215 stirpe

127 2220 220 2290 refert,
231 2241 282 2294 quo
294 2223 416 2284 nominc3
429 2240 486 2292 quae
497 2222 636 2273 referenda

127 2313 192 2351 sunt
206 2299 240 2350 ad
253 2320 345 2352 vocem
359 2319 440 2370 supra
455 2302 576 2367 nuntius,
590 2301 636 2372 qni

127 2392 221 2430 narrat
247 2399 300 2450 quo
325 2383 437 2452 quisque
459 2399 556 2450 genere
584 2383 634 2440 sit;

131 2457 205 2524 quod
218 2477 316 2508 nomen
333 2470 358 2509 et
371 2478 429 2528 qua
444 2477 515 2509 arma
526 2458 633 2510 habent.

130 2532 207 2583 Enrr.

169 2609 228 2660 232.
248 2610 302 2661 Ille
314 2622 412 2661 metum
424 2614 543 2665 condens.
557 2613 637 2665 Eteo-

131 2688 186 2740 cles
202 2701 300 2738 metum
316 2689 492 2741 dissimulans.
511 2692 588 2741 Liar.
602 2720 638 2730 --

131 2767 232 2819 Audire
239 2770 365 2840 exposcit,
375 2780 401 2819 et
408 2769 637 2821 oditNarrantem.

133 2847 253 2912 Scilicet,
264 2861 293 2898 ut
304 2848 376 2919 apud
387 2849 512 2900 Senecam
521 2851 549 2898 in
561 2848 640 2900 OEdi·

132 2945 186 2999 po,
202 2937 252 2976 act.
271 2929 308 2992 ll,
323 2945 360 2978 sc.
380 2945 403 2992 1,
418 2927 434 2978 3
450 2940 475 2977 ct
494 2945 549 2996 seq.
566 2949 577 2972 ιι
587 2926 639 2978 Ubi

133 3001 194 3056 laeta
202 3003 273 3055 duris
281 3006 358 3055 mista
366 3006 394 3056 in
402 3005 527 3075 ambiguo
534 3009 637 3076 jacent,

133 3082 254 3136 Incertus
272 3085 388 3148 animus,
409 3086 476 3136 scire
495 3103 576 3156 quum
593 3104 641 3136 cu-

135 3165 209 3236 piat,
224 3165 330 3216 timet.»

174 3242 234 3295 233.
249 3243 487 3297 Hincdictissocios
493 3243 640 3310 stimulare,

137 3342 254 3396 suasque.
275 3323 341 3374 Dan.
363 3325 450 3376 Peter.
473 3324 596 3375 nonnulli
616 3336 643 3376 et

138 3400 200 3454 edd.
215 3414 277 3454 vett.
293 3401 372 3454 socios
389 3402 477 3465 dictis,·
495 3403 599 3455 Behott.
618 3420 642 3470 1,

140 3498 170 3549 τι,
185 3482 301 3535 Gronov.
319 3482 406 3533 Barth.
422 3496 447 3534 et
460 3481 556 3553 Delph.
569 3483 643 3535 dictis

139 3563 228 3614 socios.
241 3592 276 3601 -
289 3565 353 3631 Reg.
366 3564 401 3628 B,
416 3563 469 3614 llic
478 3562 558 3614 socios
570 3562 644 3614 dictis

138 3639 275 3692 stimulare
281 3659 408 3712 ,suasque
424 3639 516 3702 habet3
529 3641 642 3711 Repe,

140 3714 212 3766 Hinc
223 3719 302 3770 socios
313 3719 397 3784 dictis,
410 3731 461 3770 etc.
479 3721 525 3770 En.

179 3794 239 3860 234.
257 3797 349 3849 Metiri
359 3798 473 3852 decernit
483 3816 550 3869 opes.
544 3798 642 3870 ..Lang

141 3869 233 3923 Behot.
248 3889 272 3937 1,
284 3874 361 3925 Laur.
374 3876 458 3927 Plant.
474 3879 566 3927 Paetav
580 3876 645 3926 Lin-

143 3949 273 4021 denbrog.
286 3964 312 4002 et
323 3952 443 4045 plerique
453 3955 564 4007 decrevit
572 3973 644 4025 opes;

93 4064 101 4071 -
126 4030 236 4087 fBehot.
258 4048 290 4097 2,
312 4035 405 4102 optimi
426 4036 505 4087 codd.
529 4034 646 4103 Bartlrii,

144 4114 250 4164 Venett.
267 4111 298 4175 3,
314 4110 346 4177 4,
365 4113 509 4167 Amstelod.
528 4118 644 4171 Gronov.

676 1512 763 1565 Barth.
785 1527 810 1565 et
833 1511 958 1582 Delphin.
979 1511 1095 1564 decernit
1112 1530 1193 1584 aper.

712 1591 773 1645 235.
791 1591 916 1644 Aoniam.
929 1593 1067 1644 Boeotiam.
1079 1619 1117 1630 -—
1127 1592 1192 1642 Eu·

676 1669 1195 1744 heramque.Euboea,nobisNe9repont,

676 1748 762 1800 insula
774 1750 857 1799 Maris
869 1749 963 1817 AEgaei,
974 1767 990 1799 a
1002 1749 1105 1798 Boeotia
1118 1745 1187 1798 divi-

677 1845 707 1878 sa
715 1842 769 1879 tam
777 1826 883 1878 modico
891 1830 990 1898 Euripo
998 1826 1187 1894 interfluente,

678 1918 708 1956 ut
722 1918 804 1978 ponte
816 1908 957 1976 jungatur:
971 1904 1110 1958 aMeridie
1123 1926 1188 1978 pro·

678 1985 818 2034 montoriis
828 1983 948 2050 duobus,
957 1986 1069 2035 Geresto
1081 1984 1115 2036 ad
1122 1986 1186 2035 Atti·

679 2079 738 2111 cam
748 2075 888 2131 vergente,
902 2061 970 2112 etad
981 2061 1186 2131 Hellespontum

680 2137 818 2209 Caphereo
833 2139 954 2206 insignis,
967 2158 982 2190 a
995 2141 1186 2210 septemtrione

680 2218 774 2270 Caeneo
784 2238 790 2269 ι
802 2237 933 2288 nusquam
941 2219 1105 2271 latitudinem
1116 2220 1187 2272 ultra

680 2297 716 2364 40
730 2296 812 2347 millia
827 2315 954 2367 passuum
973 2295 1104 2360 extendit,
1120 2308 1187 2348 nus*

682 2395 762 2448 quam
781 2378 850 2426 intra
871 2393 904 2428 ιο
922 2374 1073 2426 contrahit:
1094 2374 1167 2427 sed
1159 2393 1188 2426 ιιι

681 2457 878 2529 longitudinem
891 2457 1018 2508 universae
1031 2457 1139 2508 Boeotiae
1154 2455 1190 2508 ab

681 2539 794 2588 Attica
788 2555 815 2586 in
833 2534 998 2586 Thessaliam
1016 2555 1101 2606 usque
1119 2553 1189 2604 prae·

682 2628 757 2664 tensa
774 2616 800 2662 in
818 2613 866 2665 150
880 2615 961 2665 millia
978 2634 1122 2705 passuum,
1138 2617 1191 2666 cir·

683 2692 756 2741 cuitu
765 2709 828 2741 vero
839 2705 956 2743 trecenta
966 2695 1102 2762 sexaginta
1112 2694 1192 2764 quin·

684 2788 750 2840 qne,
762 2772 836 2841 aquis
847 2770 939 2822 calidis
951 2790 1007 2842 qua·
1019 2770 1136 2843 Ettopiae
1144 2791 1192 2823 vo·

682 2862 778 2899 cantur
789 2849 901 2900 nobilis:
917 2853 1006 2902 notior
1020 2864 1107 2901 tamen
1120 2869 1194 2902 mar·

683 2947 758 2979 more
780 2929 901 2980 Caristia.
921 2930 982 2979 Haec
1003 2929 1103 2981 Plinius
1121 2931 1193 2981 Hist.

684 3009 744 3079 Nat.
755 3009 800 3072 lv,
810 3026 870 3079 cap.
884 3025 969 3058 2t.·-
977 3006 1114 3058 Phocidos.
1122 3005 1194 3058 Vide

684 3085 770 3138 Theb.
782 3090 806 3153 Ι,
817 3087 865 3152 64,
875 3101 900 3138 et
910 3089 947 3153 ll,
958 3086 993 3153 64
1004 3098 1030 3137 et
1040 3085 1076 3136 ibi
1086 3098 1194 3148 notata,

596 3200 599 3205 >
685 3177 742 3217 tom
766 3164 877 3236 praeced.
892 3156 954 3237 pag.
971 3183 1001 3234 19
1016 3182 1072 3234 seq.
1087 3177 1112 3215 et
1129 3183 1193 3235 pag.

689 3243 739 3309 164
751 3256 777 3296 et
790 3244 848 3296 165.
868 3246 915 3295 En.

723 3323 783 3392 ²37·
805 3324 916 3375 Tenem.
936 3322 1070 3373 Bellorum
1088 3324 1196 3393 signum

688 3414 735 3455 est.
750 3404 786 3455 Ut
803 3401 986 3473 «hospitalem
999 3419 1121 3454 tesseram
1131 3424 1143 3448 n
1157 3403 1197 3455 di·

688 3482 780 3534 cimus.
788 3485 896 3533 Veteres
907 3482 990 3547 enim,
1003 3483 1128 3552 quoniam
1138 3499 1198 3532 non

688 3573 811 3633 poterant
827 3579 918 3612 omncs
932 3560 1051 3631 hospites
1068 3578 1130 3610 suos
1145 3578 1198 3611 no·

689 3659 776 3703 scere,
788 3653 912 3692 tesseram
925 3640 975 3691 illis
988 3640 1101 3704 dabant,
1115 3657 1198 3710 quam

688 3719 726 3771 illi
738 3718 771 3770 ad
782 3719 898 3791 hospitia
909 3739 1003 3772 reversi
996 3718 1198 3772 ostendebant

688 3800 832 3867 praeposito
847 3798 961 3869 hospiti:
978 3798 1049 3849 unde
1066 3795 1200 3866 intellige·

690 3878 756 3930 bant
768 3878 905 3949 hospites.
924 3879 968 3930 hir.
983 3892 1072 3929 tamen
1087 3880 1199 3949 proprie

691 3971 807 4011 tesseram
820 3961 923 4028 signum
934 3958 997 4011 belli
1010 3960 1118 4030 posuit.
1112 3957 1199 4009 ·Gal-

691 4037 755 4104 lice,
766 4036 790 4088 lc
799 4050 854 4089 mot
863 4039 898 4088 du
906 4050 975 4110 quet.
984 4066 1020 4075 --
1027 4036 1085 4088 vid.
1096 4037 1200 4088 Excur-

692 4132 750 4166 sum
769 4111 802 4167 ad
816 4112 883 4168 calc.
900 4115 956 4185 huj.
971 4114 1016 4167 lib.
1036 4115 1083 4166 En.
