2616 4792
227 417 265 481 18
460 416 496 477 P.
523 416 557 477 P.
582 414 736 479 STATII
761 414 1040 483 THEBAIDOS

268 550 366 613 Nunc
377 543 507 638 Pylius,
520 565 612 609 nunc
624 563 683 608 ore
694 544 826 624 Lacon,
839 539 1021 637 hostesque
1032 548 1268 642 propinquo
1292 556 1299 596 ⁴

264 654 422 748 Adjurat,
435 671 634 748 turmasque
646 667 739 720 metu
751 668 945 719 consternat
956 655 1065 721 inani:

263 769 317 838 Nil
329 768 452 836 falsum
462 765 601 858 trepidis
614 790 621 829 :
634 779 673 832 ut
684 788 766 831 vero
778 764 969 832 amentibus
983 767 1057 858 ipse

263 881 403 963 Incidit,
417 895 450 948 et
462 900 566 946 suerae
577 876 706 942 circum
718 875 850 966 fastigia
862 875 959 944 vallis

261 994 412 1062 Turbine
425 1002 613 1084 praevectus
626 984 758 1079 rapido,
771 1002 823 1054 ter
834 986 971 1055 sustulit
981 986 1132 1072 hastam,

260 1111 329 1175 Ter
340 1103 512 1173 concussit
523 1122 644 1194 equos,
659 1098 807 1191 clipeum
818 1116 871 1167 ter
881 1116 1017 1192 pectore
1029 1100 1171 1194 plausit;

265 1222 405 1297 ahrma,
414 1213 656 1293 arma‚insani:
666 1242 679 1272 »
692 1234 753 1279 sua
760 1214 919 1306 quisque,
927 1212 1299 1306 ignotaquenulloc

259 1333 355 1393 More
368 1328 471 1417 rapit,
485 1338 619 1390 mutant
631 1321 758 1414 galeas,
772 1323 950 1417 alienaque
962 1340 1089 1414 cogunt

259 1436 310 1503 Ad
321 1433 398 1527 juga
413 1433 612 1527 cornipedes
623 1460 632 1516 3
645 1435 737 1501 ferus
750 1438 844 1502 omni
856 1438 891 1501 in
902 1451 1038 1526 pectore
1051 1437 1147 1503 saevit

257 1550 378 1614 Mortis
390 1571 500 1629 amor,
515 1545 703 1639 caedisque3
717 1545 800 1613 nihil
813 1543 1034 1637 flagrantibus
1046 1545 1169 1614 obstat.

257 1661 490 1751 Praecipitant.‚
504 1654 744 1751 redimuntque
756 1680 868 1723 moras
882 1683 889 1723 :
903 1659 951 1724 sic
963 1656 1062 1723 litora
1075 1672 1176 1725 vento

256 1769 441 1860 incipiente
453 1766 619 1847 fremunt,
632 1765 763 1856 fugitur
774 1789 883 1859 quum
895 1781 1030 1858 portuS,
1044 1765 1172 1860 ubique
1222 1765 1293 1831 tio

243 1879 337 1946 Cela
349 1876 475 1960 fluunt,
488 1878 555 1945 laxi
564 1874 737 1969 jactantur
748 1877 875 1972 ubique
887 1877 1069 1962 1·udentes;

205 2067 280 2118 Unus
295 2065 409 2118 Behottii
422 2064 511 2116 Pisoeis
523 2083 592 2115 nunc
604 2083 618 2114 e
630 2061 711 2114 milli·
756 2065 844 2116 Heins.
857 2063 892 2115 ad
902 2065 1039 2116 Claudian.
1052 2066 1131 2135 Rapt.
1141 2067 1261 2131 proserp·

207 2142 252 2198 hus
265 2145 357 2197 habet.
755 2145 792 2210 ΙΙ,
811 2161 868 2195 ran.
886 2145 999 2214 Optimae
1013 2143 1114 2196 Barthii
1131 2145 1257 2197 membra·

243 2243 301 2296 129.
320 2227 401 2278 Nunc
417 2220 518 2292 Pylius.
535 2223 573 2272 Ex
588 2217 633 2270 illa
647 2221 712 2271 civi·
755 2240 810 2272 nae:
823 2222 915 2293 clypeo
926 2235 965 2274 ter
970 2235 1076 2295 pectora
1083 2224 1197 2294 plausit3
1207 2223 1252 2275 duo

203 2317 265 2357 tate.
279 2305 370 2356 Horat.
383 2301 429 2352 lib.
442 2301 454 2350 1
460 2338 467 2362 ,
482 2296 534 2352 Od.
555 2298 599 2365 15,
616 2317 639 2349 v.
660 2316 709 2349 aa:
755 2300 799 2352 alii
810 2301 947 2371 ejusdem:
965 2299 1087 2373 clypeum
1105 2314 1145 2354 ter
1156 2315 1253 2374 pectora

207 2386 340 2436 uNestora
354 2383 487 2454 Pylium.»
508 2381 635 2431 Lacranr.
751 2380 866 2456 planpit.

242 2465 299 2514 130.
323 2463 451 2531 Adjmat,
472 2472 619 2530 turmasque
638 2469 708 2509 metu
758 2456 762 2468 '
794 2460 853 2513 135.
872 2459 1278 2529 Notlomorenttllarationu·

200 2551 347 2592 consternat
358 2538 441 2589 inani.
452 2540 520 2588 Dan.
532 2540 619 2587 Petav.
630 2535 706 2587 Aldd.
753 2538 827 2589 nullo
841 2540 999 2594 discrimine.

200 2617 322 2688 plerique
335 2629 361 2666 et
372 2617 480 2666 Gevart.
493 2615 632 2665 consternit
637 2635 646 2674 ,·
660 2615 708 2664 Be-
792 2620 849 2671 136.
865 2623 974 2672 Mutant
978 2620 1076 2693 paleas.
1084 2623 1190 2675 Incauti
1197 2623 1256 2676 alie·

199 2697 256 2748 hot.
275 2714 297 2761 1,
307 2697 425 2758 aeternit,
437 2705 464 2743 et
474 2711 523 2762 pro
533 2710 558 2742 v.
570 2691 587 2740 l.
598 2704 707 2743 conster·
752 2715 799 2748 nas
810 2717 859 2768 pro
872 2702 926 2752 suis
940 2701 1087 2770 arripiunt..

200 2789 260 2842 nat,
272 2775 345 2848 quod
356 2772 480 2824 exhibent
490 2771 596 2842 optimae
607 2771 707 2823 Barthii
790 2777 847 2847 137.
867 2779 945 2830 Ferus
952 2781 1026 2830 omni
1033 2777 1062 2829 in
1067 2790 1182 2850 pectore.
1190 2781 1256 2834 Dan.

200 2856 372 2919 membranae,
387 2854 470 2902 Amst.
486 2851 602 2902 Gronov.
616 2851 705 2903 Barth.
750 2856 837 2918 Petav.
850 2858 929 2908 Laur.
946 2855 1043 2907 Buslid.
1060 2857 1135 2908 omni
1146 2869 1256 2928 pectore.

197 2948 226 2986 et
234 2935 332 3006 Delph.
343 2965 379 2973 —
388 2932 509 3003 Adjurat.
520 2933 569 2981 Pro
580 2928 656 2983 valde
663 2934 706 3002 jn·
785 2934 847 2986 138.
867 2937 962 2988 Mortis
976 2953 1058 2987 amor.
1074 2936 1171 2990 Martis
1185 2956 1259 2990 amor

200 3025 254 3080 rat,
267 3032 314 3065 seu
324 3010 497 3082 jurejurando
509 3010 657 3062 confirmat.
750 3014 868 3066 Petrens.
877 3016 985 3066 Taurin.
995 3016 1084 3067 Burm.
1093 3016 1184 3069 Petav.
1195 3036 1257 3069 non·

238 3094 296 3145 131.
319 3091 368 3145 Nil
381 3089 484 3162 falsum
503 3089 616 3159 trepidis.
635 3092 704 3142 Nam
749 3094 815 3145 nulli
828 3109 854 3146 et
867 3094 927 3146 edd.
943 3108 1005 3146 vett.
1019 3093 1152 3164 probante
1167 3099 1256 3150 Burm.

195 3174 245 3244 'qui
267 3171 348 3224 semel
368 3188 468 3246 pavore
488 3171 603 3240 correpti
626 3184 703 3238 sunt,
749 3173 844 3226 Mortis
854 3192 930 3225 amor
943 3176 1049 3245 optimae
1063 3174 1164 3228 Barthii
1177 3197 1257 3230 mem·

196 3254 339 3304 vanissima
360 3267 489 3320 quaeque,
511 3247 633 3320 falsaque
654 3269 703 3320 pro
748 3254 851 3321 branae,
867 3259 935 3308 Dan.
950 3274 1019 3307 unus
1034 3255 1127 3307 Behot.
1144 3257 1255 3310 Amstel.

196 3334 265 3385 veris
279 3333 422 3400 accipiunt.
434 3359 470 3367 —
482 3330 549 3401 Ipse·
562 3331 641 3380 Mars·
748 3335 863 3386 Gronov.
880 3333 1014 3386 Barthian.
1034 3346 1059 3385 et
1073 3333 1171 3406 Delph.
1186 3337 1256 3390 Vide

236 3413 294 3464 132.
313 3411 398 3463 Sacrae
416 3407 502 3461 vallis.
518 3408 621 3475 Sacrae,
641 3410 704 3480 quia
748 3412 922 3485 Oudendorp.
938 3413 972 3466 ad
985 3415 1085 3467 Lucan.
1099 3413 1128 3480 I,
1145 3413 1213 3482 462,
1229 3429 1270 3469 ee.-

198 3496 224 3543 in
238 3511 269 3544 ea
281 3489 413 3543 celebrata
424 3487 580 3539 Archemori
591 3505 675 3540 sacra.
747 3492 822 3557 VIII,
836 3492 898 3557 364.

236 3574 294 3625 133.
307 3571 386 3622 Turb.
392 3580 533 3640 praevectus
540 3569 639 3639 rapido.
648 3570 702 3639 Op·
786 3572 844 3638 139.
863 3570 1054 3642 Redimuntque
1065 3588 1160 3623 moras.
1171 3571 1257 3639 Quasi

196 3653 276 3702 timus
289 3648 459 3710 Barthianus‚
474 3646 569 3697 rabido.
748 3646 920 3706 accelerando
947 3649 1104 3700 redimerent
1126 3662 1254 3722 tempus,

235 3722 702 3799 134.Terconeussitequos,elipeum
748 3747 801 3798 quo
824 3730 851 3779 in
873 3728 1039 3794 celebrandis
1062 3727 1132 3781 ludis
1155 3735 1256 3793 morati

100 3816 103 3821 ’
197 3819 236 3858 ter
255 3818 359 3878 pectore
376 3805 484 3878 plausit.
509 3803 560 3853 Ter
580 3804 703 3855 contorsit
747 3819 817 3857 sunt.

193 3904 273 3958 equos
282 3886 352 3935 Dan.
366 3887 454 3937 Petav.
467 3881 589 3935 nonnulli
601 3893 628 3933 et
640 3883 700 3935 Bas.
784 3885 842 3951 140.
866 3885 1013 3957 Incipiente
1022 3887 1154 3956 fremunt.
1164 3889 1255 3942 'Voci-

197 3966 249 4017 Ter
258 3964 384 4014 concussit
394 3980 474 4034 equos
485 3962 590 4032 optimae
601 3959 702 4012 Barthii
746 3963 876 4015 foratione
894 3967 1098 4035 praeparantium
1115 3968 1254 4039 navigium

196 4043 366 4107 membrana,
376 4043 458 4111 Lang.
468 4040 537 4094 Busl.
547 4044 604 4092 Put.
615 4041 700 4091 Amst.
745 4055 915 4114 perstrepunt
928 4043 1016 4094 litora.
1035 4045 1163 4098 Lscrartr.

192 4125 313 4177 Gronov.
322 4120 698 4193 Barth.etDelph.VideDan.
784 4118 840 4184 141.
864 4120 1038 4192 Velafluunt.
1050 4125 1137 4175 Vento
1150 4123 1254 4180 dautur
