2616 4792
200 409 242 472 30
435 409 470 472 P.
498 410 533 471 P.
559 407 713 472 STATll
738 408 1015 477 THEBAIDOS

245 531 409 600 Audimus
422 547 538 622 gentes
553 557 560 598 :
574 531 645 610 dic,
658 557 679 600 o
690 556 827 626 precor,
840 549 956 600 extera
967 559 1087 627 regum

243 644 385 734 Agmina
399 668 406 708 :
420 666 501 708 nam
511 639 624 723 video,
638 665 715 736 quae
727 661 843 710 noster
855 647 949 735 signa
965 650 1176 732 Menoeceus,
1201 678 1215 716 ε
1229 648 1299 703 κ’

242 757 326 839 Quae
338 769 454 821 noster
467 768 561 845 gerat
571 777 665 821 arma
676 756 805 839 Creon,
819 778 923 849 quam
935 754 1046 823 celsus
1059 757 1170 828 ahena

242 866 389 959 Sphinge
400 889 463 957 per
473 867 627 957 ingentes
640 864 859 934 Homoloidas
873 882 969 933 exeat
981 871 1136 937 Haemon.
1148 901 1165 933 ι

288 977 340 1043 sic
351 973 445 1067 rudis
458 977 642 1067 Antigone:
656 977 769 1043 senior
781 979 835 1043 cui
848 977 928 1043 talia
940 976 1111 1046 Phorbas:

247 1085 365 1154 «Mille
377 1085 577 1177 sagittiferos
591 1085 709 1178 gelidae
721 1085 764 1154 de
778 1087 863 1154 colle
875 1091 1043 1179 Tanagrae

240 1202 419 1264 Promovet
427 1220 503 1263 ecce
512 1197 781 1291 Dryasthic,cui
789 1201 887 1267 niv'ea
895 1222 990 1266 arma
998 1198 1186 1268 tridentem
1205 1212 1248 1268 αἵ
1255 1199 1299 1259 5

240 1315 350 1402 Atque
361 1330 445 1373 auro
456 1305 541 1374 rude
553 1308 683 1376 fulmen
695 1308 836 1389 habent,
848 1311 984 1377 Orionis
996 1308 1057 1376 alti

193 1493 342 1547 descendere
363 1503 438 1545 totas.
460 1494 525 1563 Reg.
547 1495 585 1559 B,
608 1493 701 1546 vixillo
782 1494 841 1561 254.
863 1498 999 1568 Tanagrae.
1016 1496 1156 1567 Oppidum
1176 1499 1279 1551 Boeo*

195 1590 255 1625 curn
266 1570 342 1622 litera
354 1590 368 1622 e
380 1590 460 1643 super
472 1573 482 1622 i
493 1574 590 1644 scripta
602 1572 701 1638 habet;
744 1576 786 1627 tiae
795 1575 938 1627 Ptolemaeo
949 1590 974 1626 et
984 1575 1126 1643 Straboni,
1140 1595 1202 1646 quae
1213 1597 1271 1629 ro-

193 1652 257 1720 Reg.
268 1649 368 1700 Cnost.
380 1649 439 1701 lect.
451 1652 498 1700 Eo.
507 1651 636 1701 —Paten
646 1656 702 1702 Vo-
744 1668 822 1705 catur
836 1654 915 1705 hodie
934 1653 1070 1705 Anatoria.
1091 1654 1192 1705 Scribit
1207 1657 1272 1706 La⁶

194 1743 237 1782 cat
244 1742 362 1800 patrem,
371 1732 432 1800 quia
443 1733 557 1781 nutritor
567 1743 632 1782 erat.
644 1733 700 1781 Nu·
744 1738 858 1786 etantius
869 1753 926 1785 esse
939 1733 1031 1784 urhem
1042 1732 1151 1785 Euboeae
1164 1735 1267 1786 insulae

193 1811 271 1860 trices
285 1811 363 1859 etiam
376 1821 473 1860 matres
487 1809 653 1860 vocabantur
666 1810 699 1861 ab
744 1827 840 1883 postea
854 1826 975 1865 vocatam
993 1813 1181 1864 Penanoriam.
1198 1817 1261 1865 Fuit

194 1888 315 1940 alumnis.
329 1889 401 1940 Sicut
416 1902 509 1939 eontra
523 1887 563 1940 ha·
578 1888 699 1941 alumnos
745 1891 1259 1962 etejusdemnominisurbsinPerside.

194 1981 220 2019 et
232 1968 352 2019 alumnas
365 1966 433 2019 lilios
442 1981 468 2018 et
478 1966 544 2019 filias
556 1968 703 2023 vocabant.
783 1973 842 2027 255.
862 1977 954 2046 Dryas.
965 1970 1099 2046 Dryashio
1108 1987 1165 2039 est,
1177 1992 1256 2047 quem

193 2078 228 2086 —
242 2046 348 2121 Pelopis
363 2060 459 2120 pentes.
475 2048 699 2119 Peloponnesios,
745 2055 830 2106 Diana
841 2056 971 2106 transfixit
983 2055 1083 2122 sagittis
1096 2052 1132 2104 ob
1145 2055 1255 2108 interfe-

194 2130 240 2203 qui
250 2129 302 2180 hoc
313 2148 410 2181 nomen
422 2149 437 2180 a
447 2129 544 2200 Pelope
554 2129 670 2181 trahunt.
746 2148 818 2184 ctum
826 2134 1058 2202 Parthenopaeum,
1067 2131 1255 2195 utvidebimut

230 2207 290 2261 250.
309 2210 465 2260 Menoeceus.
473 2208 554 2260 Filius
565 2209 700 2277 Creontis,
745 2210 829 2262 Theb.
838 2210 1212 2281 tx.Dici1ur0ri0nisnepos.
1221 2239 1253 2275 ‘t‘

194 2289 240 2359 qui
255 2306 283 2339 se
298 2286 404 2339 devovit
422 2307 471 2359 pro
490 2287 574 2340 salute
594 2291 700 2360 patriae,
747 2290 895 2341 Tn'dentem
906 2290 996 2360 Atque
1002 2307 1066 2338 auro
1077 2289 1139 2339 rude
1144 2290 1252 2361 fulmen

192 2380 223 2417 ut
237 2367 384 2419 videbimus
399 2367 483 2419 Theb.
497 2369 531 2419 X.
747 2368 829 2419 hebet.
843 2370 927 2440 Dryas
943 2368 1012 2418 enim
1031 2365 1137 2417 ferebat
1157 2367 1213 2419 haec
1227 2368 1254 2419 in

230 2448 699 2523 251.Qnoenosterperatarmadleg.
745 2447 823 2498 fidem
848 2447 970 2516 goneris;
992 2462 1076 2514 nepos
1100 2448 1173 2497 enim
1198 2457 1253 2498 erat

193 2525 227 2588 B,
247 2528 310 2595 Quoe
326 2537 411 2577 noster
427 2539 499 2598 repat
515 2548 589 2579 anna
601 2528 699 2591 habet;
745 2529 868 2591 Orionis,
885 2530 961 2596 cujus
981 2538 1071 2597 patres
1090 2527 1216 2597 Juppiter
1228 2538 1254 2578 et

193 2605 257 2672 Reg.
272 2605 293 2655 C
311 2618 382 2656 nost.
403 2604 464 2656 lect.
485 2608 530 2656 En.
552 2637 588 2645 -
609 2609 699 2658 Creon.
745 2607 886 2673 Neptunus
905 2604 1037 2656 dicuntur.
1057 2603 1125 2655 Vide
1144 2607 1252 2657 Excurs.

151 2721 152 2724 ,
193 2684 701 2755 FraterJocastae,quisuccessitEteo·
746 2682 781 2734 atl
796 2683 895 2732 calcem
910 2681 991 2752 hujus
1004 2681 1073 2733 libri.
1094 2683 1141 2733 En.

194 2760 237 2811 cli.
260 2790 295 2799 -
313 2762 407 2812 Aheno
427 2762 554 2834 Sphinpe.
576 2761 701 2829 Casside,
783 2762 842 2815 256.
865 2763 968 2814 Orionis
988 2760 1046 2813 atti.
1068 2764 1172 2832 Pauper
1195 2762 1253 2831 qui-

194 2842 270 2909 cnjus
283 2840 449 2893 altitudinem
459 2843 486 2892 in
497 2844 648 2893 summitate
659 2843 703 2893 ad·
746 2841 807 2893 dam
820 2844 927 2892 nornine
941 2843 1048 2906 llireus,
1061 2859 1143 2910 quum
1153 2838 1253 2892 liberos

190 2922 262 2988 jecta
283 2932 390 2970 auxerat
408 2918 536 2990 sphinge:
556 2922 611 2972 sive
625 2922 702 2992 signa
745 2938 802 2972 non
822 2919 951 2983 haberat,
969 2919 1046 2989 petiit
1065 2936 1081 2969 a
1101 2917 1181 2983 Jove,
1201 2921 1254 2970 Ne-

194 2998 384 3051 Thebanorum
405 2999 528 3071 sphingas
548 3018 605 3051 esse
623 3019 702 3052 mon·
745 3012 847 3070 ptuno,
861 3012 886 3049 et
896 2998 1043 3063 Mercurio,
1057 3015 1123 3068 quos
1134 2996 1253 3069 hospitio

194 3080 307 3130 stravit:
329 3091 358 3129 ut
380 3079 450 3129 enim
473 3076 545 3147 apud
566 3080 701 3132 Romanos
746 3080 914 3149 susceperat,
933 3089 963 3127 ut
981 3077 1030 3127 sibi
1050 3076 1133 3127 filium
1149 3075 1252 3128 darent.

193 3157 289 3226 aquilae
297 3156 466 3207 habebantur
474 3158 555 3226 signis
564 3161 700 3229 appositae,
745 3160 779 3208 Hi
791 3161 862 3209 lacta
875 3159 949 3207 urina
963 3158 1031 3206 iutra
1044 3156 1148 3206 corium
1161 3154 1253 3221 bovis,

194 3238 232 3286 sic
252 3235 443 3287 Thebanorum
466 3235 593 3306 sphingos
613 3237 701 3290 vultus
747 3256 825 3309 quem
836 3239 930 3287 Hireus
940 3234 991 3285 illis
1001 3233 1192 3298 immolaverat,
1205 3233 1255 3304 pli·

196 3315 317 3367 ornabat.
338 3317 465 3366 Lacranr.
746 3329 861 3385 ratoque
876 3315 963 3377 corio,
974 3314 1124 3383 jusserunt,
1138 3324 1168 3362 ut
1181 3330 1254 3364 com·

232 3396 291 3449 252.
310 3395 427 3469 Sphinge
438 3412 486 3467 per
497 3397 551 3470 inp.
564 3397 702 3450 Homoloi-
745 3395 824 3465 pletis
840 3391 975 3444 mensibus
994 3393 1119 3442 maternis
1136 3387 1254 3442 solvere·

194 3475 354 3546 claeSpinpe
364 3473 466 3523 Behott.
476 3475 600 3549 Splrynpe
609 3478 635 3527 in
648 3498 702 3529 om·
747 3485 804 3535 tur;
821 3491 873 3543 quo
888 3473 960 3522 facto
974 3489 1043 3541 puer
1056 3471 1195 3535 inventus,
1210 3472 1254 3522 eui

194 3556 273 3607 nibus
292 3555 347 3605 fere
362 3551 422 3603 edd.
434 3553 613 3606 tHometoidas
631 3557 698 3609 Dan.
745 3551 835 3602 datum
854 3569 952 3601 nomen
969 3551 1072 3601 Orioni·
1091 3551 1140 3599 Hic
1157 3562 1254 3620 postea

193 3631 453 3685 Homoloidisaldd.
474 3631 559 3684 Colin.
577 3646 603 3683 et
621 3635 699 3686 Basil.
745 3630 870 3698 grandior
891 3632 976 3681 faetus
999 3630 1133 3679 venationi
1154 3647 1182 3680 se
1205 3627 1254 3681 de-

192 3710 367 3764 Homoloidas
375 3713 457 3781 Lang.
471 3711 571 3763 Buslid.
581 3713 698 3784 Lipsiae.
745 3711 796 3777 dit,
816 3725 979 3782 repertaeque
997 3729 1045 3781 per
1064 3710 1142 3763 silvas
1161 3712 1254 3762 Diante

193 3802 221 3839 et
241 3788 326 3840 Plant.
341 3789 515 3842 Homoloidas
532 3791 619 3842 Petav.
635 3793 698 3842 Lin-
743 3793 796 3842 vim
808 3792 905 3842 inferre
919 3791 1017 3855 voluit,
1031 3789 1077 3841 setl
1088 3791 1121 3841 ab
1136 3793 1194 3862 ipsa
1211 3810 1254 3842 sa·

190 3865 325 3942 denbrog.
341 3869 420 3922 Cruc.
435 3881 461 3920 et
475 3880 586 3920 recentt.
596 3898 632 3908 -
641 3870 699 3920 Ho-
743 3873 814 3940 gittis
827 3873 878 3922 fuit
890 3871 1040 3923 confossus.
1053 3871 1178 3923 Lucanus
1188 3871 1255 3925 dicit

193 3944 331 3997 molor'dos.
356 3949 448 3999 Portas
470 3959 571 4018 septem
591 3947 699 3999 Theba·
744 3953 988 4022 serpenteaDiana
998 3952 1115 4002 immisso
1125 3953 1252 4022 periisse:
1281 3956 1296 3973 ‘⁹

194 4022 699 4100 rumsicdictas.—-Haemon.Ejusdem
744 4031 852 4082 tandem
868 4034 987 4083 Deorum
1000 4034 1169 4085 miseratione
1182 4034 1254 4087 inter

194 4106 313 4159 Creontis
328 4105 415 4170 lilius,
430 4118 456 4156 et
467 4108 548 4162 frater
560 4111 698 4162 Menoecei.
744 4123 814 4163 astra
829 4108 928 4164 relatus
943 4123 989 4162 est.
