2616 4792
144 388 187 455 36
379 391 413 454 Ρ.
442 391 475 454 P.
501 390 655 456 STATII
679 393 955 464 THEBAIDOS

185 515 423 608 Consequitur,
436 515 603 608 traxitque
615 531 726 598 notas,
740 531 774 584 et
784 521 921 588 miscuit
931 542 1048 592 annos.

184 631 229 695 Et
238 650 330 696 nunc
342 629 390 694 sic
400 628 520 695 fratres
532 630 672 696 mentito
684 635 821 698 nomine
833 633 999 724 gaudent3

185 736 263 804 Plus
275 754 385 831 pater:
399 736 491 805 bunc
504 735 584 804 olim
593 736 690 829 juvat
701 756 734 807 et
745 758 885 811 ventura
898 763 1064 816 senectus.

183 853 387 918 Tercentum
400 851 544 940 genitor,
557 848 763 944 totidemque
774 855 809 918 in
822 855 939 946 praelia
952 876 1052 927 natus

182 963 349 1028 Exercent
360 959 488 1049 equites
501 982 508 1022 z
520 955 556 1022 hi
569 956 756 1026 deseruisse
767 961 924 1032 feruntur

181 1069 310 1140 Exilem
320 1067 489 1146 Glisanta,
499 1071 760 1164 flammamque,
774 1074 920 1144 feracem

180 1188 292 1250 Messe
302 1179 500 1260 Coroniam,
513 1179 642 1247 Baccho
653 1181 804 1250 Glisanta
816 1185 973 1255 colentes.

231 1321 244 1350 a
256 1287 317 1357 Sed
331 1290 443 1380 potius
455 1286 562 1355 celsos
575 1289 787 1360 umbrantem
800 1294 892 1365 hunc
903 1297 1040 1390 adspice
1052 1298 1073 1366 le

179 1406 315 1493 Hypsea
327 1396 560 1493 quadrijugos,
574 1400 671 1494 clipei
685 1406 901 1498 septemplice
913 1423 1011 1474 tauro

165 1626 229 1679 302.
250 1624 390 1697 Traxitque
405 1635 487 1675 news.
505 1622 631 1676 Similitn·
677 1647 746 1681 unus
755 1630 849 1683 Behot.
859 1630 968 1701 -Reg.
981 1632 1015 1699 Β,
1029 1631 1073 1684 Cli.

129 1707 217 1758 dinem
231 1706 314 1777 patris
327 1707 355 1755 in
369 1723 418 1756 suo
433 1704 508 1756 vultu
526 1704 631 1771 retulit,
676 1706 734 1773 bet,
749 1709 796 1760 sed
808 1709 884 1761 litera
895 1728 911 1759 a
926 1708 977 1760 alia
992 1728 1073 1762 manu

129 1787 301 1858 signavitque.
676 1788 774 1856 scripta
787 1787 833 1838 dat
849 1786 977 1848 Glisanta‚·
995 1789 1060 1860 Reg.

164 1863 225 1915 303.
246 1860 510 1932 Etnuncsicsratrer.
519 1860 631 1910 Etnunc
675 1859 737 1912 lect.
750 1865 795 1914 uo.
809 1894 843 1902 —
857 1863 1016 1917 Glisanta....
1031 1868 1073 1917 Coi

128 1945 149 1996 si
157 1942 333 2016 fratresDan.
675 1939 761 1992 Glisas
775 1956 801 1994 et
817 1942 932 1993 Coronia
947 1943 1048 2015 oppida
1064 1947 1073 1994 l

162 2021 225 2088 304.
246 2020 308 2072 Plus
315 2029 398 2091 pater:
410 2017 549 2069 buccolim
551 2021 633 2090 juvat
711 2020 772 2072 308.
795 2023 876 2073 Messe
901 2024 1055 2089 Coroniam,

126 2113 153 2155 et
166 2112 274 2154 ventura
289 2108 410 2151 senectus.
426 2098 587 2167 corruptum
602 2098 628 2146 in
675 2099 756 2150 Messe
771 2099 926 2152 Charoniam
945 2101 972 2149 in
988 2099 1071 2152 altero

124 2182 166 2235 his
175 2180 262 2233 verbis
274 2177 409 2250 quidpiam
417 2179 472 2247 jam
486 2175 548 2226 olim
560 2174 631 2226 arbi·
676 2177 817 2228 Coroneam
830 2176 890 2228 edd.
902 2190 967 2229 vett.
983 2175 1070 2231 Clisan

126 2274 210 2315 aratus
228 2277 295 2311 sum.
316 2259 414 2309 Forte:
429 2257 509 2327 juvat
529 2272 582 2304 una
601 2254 628 2303 in
674 2257 761 2307 Petav.
789 2255 919 2309 Glissanto
941 2257 1072 2311 Hermolat

125 2353 234 2414 utroque
250 2348 378 2399 senectam
396 2334 457 2387 vel:
478 2332 547 2385 hunc
564 2331 630 2384 olim
674 2335 914 2388 baius-Baccho
928 2336 1072 2390 Glisanta.]

117 2426 199 2493 juvat
220 2422 325 2471 unitura
347 2425 475 2474 senectus5
494 2412 555 2465 vel:
577 2431 630 2464 una
676 2415 1038 2467 vitatesduorumnuminum
1047 2437 1072 2487 pr

126 2500 191 2552 olim
206 2502 288 2569 juvat
308 2508 431 2548 eventura
450 2504 572 2545 senectus.
594 2519 630 2529 -
674 2491 738 2545 dent
751 2512 874 2557 munere,
887 2495 1072 2547 CoroniaBact

127 2578 194 2628 Plus
202 2588 285 2648 pater.
301 2575 362 2626 Plus
374 2585 449 2644 pater
460 2573 563 2622 laetatur
574 2568 631 2619 alli·
675 2570 727 2623 tilis
738 2587 789 2636 est,
798 2572 875 2623 simul
884 2573 1003 2625 Glisanta
1012 2576 1072 2627 Ceri

128 2657 210 2706 nitate
218 2654 314 2717 aetatis,
325 2669 403 2723 quam
413 2649 491 2700 lilius.
499 2646 629 2696 -Hunc
675 2668 757 2720 quum
770 2661 842 2701 terroe
850 2651 1016 2723 omnesferre
1025 2675 1067 2708 om

127 2732 223 2784 Filium
231 2729 343 2795 scilicet,
355 2727 400 2798 qui
408 2743 490 2796 quum
501 2724 631 2788 senuerit,
673 2745 793 2801 possunt,
801 2745 831 2781 ut
839 2733 953 2802 aitVirg.
962 2733 1058 2803 Georg.
1070 2779 1071 2784 ,

127 2810 260 2864 laetabitur
273 2820 377 2860 etatem
389 2807 446 2857 fere
457 2821 559 2872 aequam
571 2821 632 2853 cum
677 2827 732 2860 non
748 2809 873 2860 frumenti
891 2822 916 2860 et
929 2812 984 2861 vini
997 2831 1071 2882 prov«

128 2886 426 2962 patrebabere‚sicque
434 2893 523 2952 sperat
532 2879 632 2931 illimo·
677 2884 731 2936 mul
753 2886 871 2956 gaudent
891 2886 931 2937 hae
954 2890 1071 2943 civitates

128 2969 209 3020 rienti
219 2985 246 3018 se
256 2984 310 3016 non
322 2961 579 3034 superfuturumsse
590 2961 634 3010 iis·
677 2964 749 3036 apud
763 2965 876 3016 Plinium
889 2980 1020 3020 vocantur
1036 2970 1070 3022 Gl

130 3047 191 3099 dem
207 3047 305 3097 Noster
316 3041 400 3094 Theb.
421 3040 473 3104 XI,
487 3038 521 3091 35
536 3052 562 3090 et
575 3057 631 3109 seq.
677 3043 805 3096 Coronea.
826 3047 872 3098 En.

132 3150 143 3174 a
150 3128 332 3196 juvenemque
345 3133 447 3194 patrem
464 3136 532 3189 puer
547 3131 634 3187 aequat
712 3122 778 3192 309,
794 3123 854 3174 310.
867 3123 946 3175 Hunc
955 3127 1056 3197 adspice
1068 3152 1071 3179 t

129 3204 285 3264 Alatbreus3
298 3201 398 3253 Felices
411 3197 503 3258 ambo,
518 3195 564 3248 sed
576 3197 633 3247 fo'r·
675 3219 737 3272 pseu
750 3203 921 3274 quadnjuqos.
938 3204 996 3254 Nic.
1010 3207 1071 3256 Heit

129 3279 630 3348 tunatiorilleQuemqenuissejuvat.n
676 3279 786 3332 Advers.
799 3279 845 3332 lib.
861 3283 897 3347 u,
914 3299 972 3351 cap.
990 3285 1034 3349 16,
1049 3305 1071 3356 p.

166 3361 226 3415 305.
246 3361 280 3411 In
294 3356 388 3431 praelia
406 3368 480 3408 nattes
495 3358 631 3408 Exercent.
676 3357 759 3429 legit:
780 3358 849 3411 bunc
866 3361 950 3431 aspice
968 3380 1057 3415 comus

130 3441 267 3494 Domitaut
291 3450 319 3489 et
346 3437 425 3487 armis
453 3435 633 3487 assuefaciunt
676 3437 851 3509 quadrijuqos.
871 3469 906 3476 -
923 3440 1029 3511 Hypsea
1046 3462 1071 3515 qr

131 3522 243 3593 equites.
675 3534 729 3588 qus.
737 3518 856 3568 Fratrem
863 3519 937 3568 AEaci
945 3518 1021 3586 dicit,
1032 3540 1071 3592 cu·>

166 3599 227 3653 306.
246 3594 394 3648 neemiae.
412 3597 587 3664 Properantes
604 3595 631 3644 iu
676 3596 745 3665 piter
755 3613 787 3646 ex
797 3596 915 3649 formicis
925 3600 1012 3650 socios
1024 3601 1070 3652 fec:

128 3681 248 3752 praelium
262 3674 335 3728 velut
347 3672 475 3726 deserunt
488 3675 611 3743 patriam.
676 3686 717 3726 tos
725 3676 848 3728 existere:
859 3695 889 3728 ex
899 3695 931 3728 eo
941 3677 1033 3730 Peleus
1041 3700 1070 3733 na

161 3759 226 3829 307.
252 3753 357 3807 Exilem
386 3751 526 3817 Glisanta,
556 3752 633 3804 Coro-
677 3752 770 3805 exboc
779 3754 993 3826 Achilles‚eujus
1004 3759 1070 3811 milit

128 3839 269 3908 otiumque,
286 3832 414 3906 feracem.
432 3828 538 3883 Exilem
561 3829 630 3883 Glis-
675 3831 1070 3906 midonesnuncupatisunt,al

127 3925 202 3969 santa
209 3910 379 3965 scribendum
388 3923 465 3983 putat
472 3907 629 3960 Hermolaus
675 3929 734 3961 rum
747 3914 863 3983 origine:
876 3910 991 3982 μύρμηκας
1004 3919 1070 3968 enim

126 3980 258 4046 Barbarus
271 3994 299 4042 in
313 3991 380 4042 Plin.
392 4009 454 4063 pag.
467 4004 509 4060 70.
524 3986 629 4040 Exilem
668 3989 790 4061 sonnicoe
801 3991 934 4044 dicuntur.
949 3996 1027 4046 Hunc
1041 3999 1070 4048 ll*

128 4071 242 4126 Glisanta
249 4070 317 4120 Dan.
325 4069 413 4121 Petav.
424 4066 629 4138 Clorooiamque
673 4066 758 4119 Theb.
770 4069 819 4136 IX,
833 4071 975 4142 Capaneus
988 4060 1070 4129 occid]
