2616 4792
414 382 558 445 traua
581 376 665 446 vn.
898 375 903 382 ’
1016 392 1058 480 49

115 505 218 574 subiti
230 511 362 587 Manes,
375 502 586 600 flentumque
598 530 757 575 occursus
769 532 919 580 avorum.

108 641 160 684 inc
171 630 206 682 et
217 613 399 707 Apollineae
411 632 546 682 tacuere
558 616 695 684 oracula
705 617 857 709 Cyrrhae,

117 752 187 795 non
199 730 340 795 assuetis
352 751 483 819 pernox
494 726 636 795 ululavit
647 727 785 798 Eleusin

108 836 257 918 ensibus,
270 852 303 903 et
314 834 448 928 templis
460 840 576 929 Sparte
588 861 742 931 praesaga
753 838 891 910 reclusis

108 945 157 1013 dit
167 945 369 1039 Amyclaeos,
382 946 529 1014 facinus!
544 971 744 1016 concurrere
756 949 887 1018 fratres.

111 1055 259 1125 Arcades
271 1058 408 1124 insanas
421 1055 543 1124 latrare
553 1059 720 1150 Lycaonis
731 1059 869 1128 umbras

110 1348 116 1360 .
136 1310 173 1361 Et
185 1307 261 1376 subiti
274 1308 380 1372 Manes,
391 1309 522 1385 flentum·
566 1311 606 1376 11,
620 1308 681 1362 382.
692 1340 727 1349 -
740 1311 778 1362 Et
790 1327 844 1362 non
855 1312 958 1365 onustis
968 1332 1068 1385 pernox

108 1405 195 1440 *cursus
208 1403 325 1436 avorum.
338 1385 386 1438 Vel
400 1384 472 1456 quod
485 1389 523 1439 ita
567 1387 685 1440 ululavit
694 1388 803 1442 Eleusin
815 1391 955 1444 Mensihus.
968 1393 1069 1448 Eleusis

113 1465 224 1531 habeat,
236 1464 277 1517 vel
290 1464 361 1535 quod
371 1466 397 1516 in
409 1464 523 1536 publieIs
568 1469 660 1519 civitas
674 1468 783 1533 Atticae,
801 1467 829 1519 iu
846 1486 899 1538 qua
915 1470 993 1522 Ceres
1010 1471 1069 1524 reli·

107 1543 215 1596 itathus
227 1555 312 1594 tactus
323 1546 379 1614 ipse
388 1542 444 1595 haee
453 1563 524 1596 men·
569 1547 643 1616 giose
670 1544 827 1612 colebatur,
856 1549 968 1618 ejusque
994 1566 1069 1602 sacra

108 1623 197 1695 ‚lisque
215 1623 289 1694 quasi
309 1623 418 1692 ingerat.
435 1623 524 1675 Refert
568 1621 702 1675 mensibus
710 1635 813 1674 tantum
822 1622 879 1674 fixis
889 1626 1018 1696 statisque
1026 1639 1069 1679 ce-

108 1724 123 1756 n
143 1705 224 1775 Tito,
245 1714 383 1754 evomente
406 1699 523 1754 flammas
568 1701 750 1755 lebrabantur.
763 1732 798 1743 -
808 1703 919 1755 Pernosr.
932 1705 1003 1771 Quia
1015 1705 1070 1758 lroec

109 1785 154 1847 io,
178 1781 297 1833 homines
320 1783 447 1852 giganteus
469 1801 524 1837 ma·
569 1800 644 1834 sacra
663 1795 745 1834 stoctu
763 1781 870 1834 fiebant.
886 1812 923 1823 -
942 1784 1069 1838 Ululanit.

108 1863 167 1915 linis
186 1861 299 1915 interdiu
320 1875 455 1932 noctuque
477 1882 525 1933 per
568 1861 636 1927 Quia
661 1859 719 1911 haee
745 1878 819 1912 sacra
844 1858 947 1912 Cereris
970 1865 1071 1934 magnit

121 1941 268 1994 oberrasse.
289 1943 430 2013 Dionysius
451 1941 525 1993 Hali·
570 1939 729 1992 elamoribus
748 1952 774 1991 et
793 1938 936 2009 ejulatibus
954 1943 1072 2010 ageban-

108 2040 139 2074 ss.
154 2022 200 2073 lib.
214 2022 287 2086 VIII,
303 2021 352 2073 sub
369 2022 448 2072 finem
462 2023 526 2072 scri·
571 2032 629 2087 tur,
644 2032 673 2072 ut
686 2021 713 2070 iu
726 2018 824 2091 quibus
835 2021 1075 2090 repraesentabatur

108 2119 164 2152 unae
180 2099 263 2150 multa
281 2098 420 2152 observatu
435 2098 527 2170 prodi·
571 2098 658 2150 luctus
678 2098 780 2149 Cereris
799 2095 833 2148 de
852 2099 947 2150 amissa
964 2101 1073 2152 Proser-

108 2183 221 2232 Deorum
239 2180 304 2229 iram
323 2178 525 2249 portendentia,
570 2179 634 2249 pina
655 2176 716 2228 filia.
738 2176 836 2228 Noster
855 2175 984 2227 Thebaid.
1006 2178 1075 2248 XII,

110 2262 160 2312 itas
183 2259 362 2329 inauspicatae
382 2276 460 2310 voces
482 2259 526 2309 in·
569 2278 594 2310 v.
610 2259 675 2309 132:
691 2258 1075 2328 «Noctivagumquegreqem

119 2351 246 2404 auctore,
267 2336 420 2388 obversatus
441 2335 526 2389 oculis
572 2335 691 2407 quamvls
710 2334 761 2387 sibi
778 2333 871 2404 luget,
889 2333 996 2385 Eleusin
1015 2335 1075 2389 Fle-

126 2432 291 2491 spectrorum
311 2418 407 2482 facies,
426 2429 452 2467 et
472 2415 527 2468 baec
571 2416 625 2477 vit,
641 2426 669 2464 et
686 2429 799 2464 arcanos
812 2410 965 2483 lugentibus
984 2412 1076 2468 extulit

108 2517 110 2546 ς
123 2511 203 2567 atque
216 2495 323 2547 auribus
335 2493 473 2545 hominum
483 2512 528 2545 sas·
571 2495 677 2563 igneas

108 2576 168 2627 lata.
182 2576 305 2626 Lucanus
319 2572 408 2624 Phars.
420 2576 446 2640 1,
459 2573 526 2641 570:
609 2573 670 2639 lta.
691 2571 716 2623 T
715 2569 807 2643 emplis
815 2571 908 2643 Sparte
914 2588 1030 2648 proesapa
1040 2590 1075 2627 re-

108 2658 190 2708 ientes
200 2653 455 2715 eominusumbraep
466 2654 528 2705 Ovi·
572 2651 658 2705 clusis.
673 2654 736 2722 Reg.
755 2652 790 2716 Β,
803 2651 907 2721 templis
918 2663 994 2724 parte
1005 2672 1074 2725 prce·

108 2735 175 2787 Fast.
197 2737 233 2800 ΙΙ,
253 2733 300 2785 551
319 2745 346 2783 et
362 2752 433 2803 seqq.
458 2733 528 2783 uVix
571 2749 660 2804 seqare
670 2728 882 2793 reclttsisbabet3
894 2731 958 2801 Reg.
970 2731 992 2783 C
1003 2747 1073 2786 nost.

108 2813 528 2868 emcredo:bustisexisscferun-
572 2810 632 2862 lect.
651 2810 698 2860 En.
714 2838 751 2848 -
765 2808 866 2879 Sparte.
886 2808 979 2879 Sparta
993 2826 1075 2884 caput

108 2894 527 2962 ttacitaequestitemporenoetis
571 2890 701 2943 Laconiae.

108 2975 200 3042 'arque
213 2972 268 3022 vias
282 2969 371 3036 urbis,
385 2970 528 3039 Latiosque
609 2967 670 3034 413.
692 2964 769 3020 Vidit
777 2960 936 3035 Amyctaeos,
949 2979 998 3019 eto.
1010 2970 1073 3042 Req.

108 3070 142 3103 ise
159 3069 207 3121 per
225 3068 303 3118 agros
316 3048 455 3099 Deformes
471 3048 529 3098 ani·
573 3047 605 3112 B,
621 3045 693 3097 Vidit
702 3042 852 3095 Amicledos
860 3043 974 3098 exhibet.
985 3049 1075 3099 En...

113 3128 208 3198 vulgus
220 3129 311 3192 inane,
323 3127 421 3177 ferunt.
434 3149 444 3172 n
573 3121 829 3194 Amyelaeosfratres.
843 3120 977 3175 Pollucem
990 3139 1017 3176 et
1026 3127 1075 3179 Ca·

108 3225 125 3257 i.
144 3205 293 3276 Apollineus
306 3203 418 3273 Cyrrhoe.
429 3202 530 3275 Cyrrba
574 3216 672 3255 storem
682 3200 811 3252 oriundos
820 3219 851 3252 ea
858 3201 987 3273 Amyclis,
997 3208 1077 3278 oppi-

108 3282 237 3337 Phocidis.
246 3314 281 3324 -
292 3282 412 3334 Tenuere.
424 3284 481 3333 Hoc
494 3281 531 3332 di·
575 3280 611 3332 do
624 3280 762 3345 Laconia,
777 3280 849 3350 regia
860 3280 994 3351 Tyndari,
1009 3302 1077 3354 quo-

108 3364 171 3436 nia,
184 3376 213 3413 ut
224 3365 262 3412 ait
270 3362 422 3412 Lactantius
434 3358 490 3426 hie,
501 3360 529 3410 in
575 3382 634 3414 rum
643 3363 670 3412 in
686 3362 835 3412 seinvicem
846 3360 931 3430 pietas
946 3381 977 3414 ac
990 3366 1077 3416 amici-

108 3462 270 3516 inprospera
285 3442 531 3493 dabanturtantum
576 3441 613 3492 tia
625 3439 791 3511 praedicatur.
808 3467 845 3478 -
862 3440 1023 3492 Concurrere.
1039 3442 1078 3494 si-

108 3523 136 3576 da
146 3544 154 3586 ς
166 3539 229 3573 uam
239 3523 283 3572 cui
296 3523 403 3572 exitium
412 3520 531 3570 immine·
576 3537 657 3591 gnum
674 3517 726 3569 hoc
741 3531 797 3569 erat
812 3518 1038 3586 funestissimum,
1053 3533 1080 3572 et

112 3603 290 3655 taciturnitate
314 3599 405 3672 templi
426 3600 532 3671 penitus
577 3595 1080 3668 portendebatEteoelemetPolynicesu

108 3680 215 3733 labatur.
578 3689 671 3728 contra
701 3695 728 3728 se
758 3677 870 3726 invicem
899 3673 1079 3730 dimicaturos.

107 3779 128 3812 1.
147 3761 184 3812 Et
204 3778 232 3810 n.
254 3780 278 3808 a.
301 3779 330 3830 p.
354 3757 392 3809 ul.
414 3757 533 3809 Eleusin.
577 3755 717 3826 Templum
737 3757 806 3806 enim
828 3753 926 3824 Spartae
945 3751 1081 3810 habebant

108 3839 133 3891 ris
147 3840 231 3906 Lang.
251 3835 350 3887 Buslid.
369 3833 490 3886 nonnulli
509 3848 535 3886 et
581 3837 675 3888 Castor
687 3848 713 3886 et
724 3832 825 3885 Pollux.

109 3930 171 3969 vett.
182 3915 292 3968 Eleusin
302 3914 370 3972 Dan.
382 3910 480 3965 Putset
490 3915 538 3965 Pe·
618 3913 679 3981 414.
697 3912 809 3964 Areades
816 3913 928 3964 insanas.
937 3912 1019 3984 Βοῦς.
1027 3917 1047 3967 Β
1056 3931 1083 3970 et

108 3996 168 4049 Vide
183 3995 322 4047 Heinsium
337 3993 371 4044 ad
386 3992 463 4045 Ovid.
482 3995 537 4045 He·
583 3994 620 4059 C,
640 3991 755 4044 Arcados
778 3991 888 4041 insanas.
909 4021 945 4031 -
964 3992 1082 4048 Arcades.

117 4077 162 4143 IV,
172 4075 217 4145 67,
233 4087 259 4124 et
272 4075 388 4126 Gronov.
405 4072 439 4123 ad
452 4072 537 4124 Theb.
583 4071 687 4121 Priores
702 4067 831 4120 editiones
845 4067 946 4120 habent
964 4070 1084 4124 Arcados.

128 4169 195 4232 nr.
283 4218 286 4223 ,
565 4238 573 4251 .
924 4162 941 4241 t
