2616 4792
125 400 161 441 12
354 377 391 438 P.
418 376 451 437 P.
479 373 633 438 STATll
658 374 933 440 THEBAIDOS

166 509 242 595 lpse
255 503 345 569 subit
356 523 477 585 curru,
491 500 633 595 diraque
645 499 846 591 adspergine
857 499 944 568 latos

170 619 280 681 Mutat
291 637 404 704 agros:
420 613 527 706 spolia
539 638 559 679 a
570 628 681 703 tergo,
695 611 883 705 flentesque
896 626 1047 679 catervae.

166 729 257 791 Dant
271 723 378 805 silvae,
390 726 515 818 nixque
527 723 595 790 alta
607 723 721 791 locum
734 750 740 788 :
754 724 840 813 regit
851 738 922 789 atra
931 719 1062 815 jugules

167 840 355 929 Sanguinea
367 837 504 905 Bellona
517 860 639 919 manu,
654 834 822 929 longaque
834 836 953 932 fatigat

167 949 334 1043 Cuspide:
350 950 489 1041 diriguit
501 951 575 1016 visu
586 947 738 1041 Cyllenia
749 946 877 1040 proles,

169 1062 395 1157 submisitque
408 1085 530 1152 genas:
545 1063 609 1155 ipsi
622 1064 810 1128 reverentia
821 1063 928 1152 patri,
1137 1078 1178 1140 ς

170 1178 202 1245 Si
213 1199 321 1267 prope
333 1177 394 1256 sit,
407 1172 588 1268 dematque
601 1176 727 1255 minas,
739 1197 803 1240 neo
814 1171 894 1239 talia
905 1170 1053 1239 mandet.

200 1279 901 1375 «QuodJovisimperiumlmagnoquidab
909 1277 1212 1372 ethereportasi

94 1432 98 1441 .
168 1389 1208 1488 OccupatArmipotensmequeenimhunc,germane‚sub9

170 1504 295 1592 Sponte
306 1505 417 1587 venis,
431 1502 627 1598 hiemesque
639 1527 746 1584 mem,
760 1505 814 1570 cui
828 1500 959 1569 roscida
971 1499 1065 1594 juxta

169 1611 330 1697 Maenala,
344 1630 378 1682 et
390 1619 496 1683 aestivi
508 1615 705 1683 clementior
716 1638 799 1680 aura
810 1616 959 1706 Lycaei.»
1131 1625 1212 1699 ,ὃν

123 1858 229 1908 vicisset
240 1859 388 1929 Hyrcanos.
398 1860 438 1910 De
448 1861 579 1931 Hyrcania
591 1859 628 1911 vi·
671 1860 805 1927 nuticap.
821 1873 864 1908 21.
882 1852 1167 1907 Binrn.-Conf.Sil
1207 1873 1212 1881 ·

124 1934 157 1987 de
172 1935 216 1986 lib.
232 1939 267 1987 Vl
279 1955 338 2006 sup.
355 1937 415 2005 598.
673 1933 731 1985 Ital.
743 1936 835 1984 Punic.
848 1935 881 1998 V,
895 1949 946 1983 220
956 1944 982 1982 et
993 1929 1046 1981 vid.
1061 1930 1096 1982 ad
1107 1929 1212 1982 hund

160 2035 202 2085 7⁰·
221 2018 280 2089 Ipse
290 2018 356 2068 subit
364 2036 455 2078 curru,
469 2018 575 2088 diroque
585 2017 630 2068 ad·
674 2014 765 2065 locum
776 2027 832 2063 not.
846 2016 918 2063 nost.'
927 2011 989 2062 etlit.
1001 2023 1067 2068 tom.
1081 2013 1105 2074 l,
1120 2029 1170 2080 pag
1182 2034 1212 2055 a

123 2097 240 2168 sperpine
264 2096 336 2149 latos.
358 2098 416 2166 Ipse
436 2098 503 2147 subit
525 2114 629 2147 eranum
676 2093 741 2154 310;
756 2091 799 2142 adi
814 2093 891 2153 etiam
907 2088 991 2142 Theb.
1006 2093 1051 2155 lv,
1068 2091 1098 2149 6;
1115 2101 1200 2140 torna

123 2172 202 2225 Aldd.
219 2175 303 2225 Colin.
320 2187 346 2224 et
360 2174 437 2224 Basil.
450 2175 573 2242 Optimus
586 2192 630 2224 co·
675 2169 787 2241 praeced.
801 2190 861 2240 pag.
874 2171 935 2240 371.
954 2169 1001 2220 En.

124 2251 175 2305 dex
188 2253 301 2304 Barthiiz
315 2253 449 2324 asperpine
462 2249 543 2317 laetos,
558 2250 631 2321 quod
712 2249 754 2316 74.
777 2247 897 2317 Cyllenio
908 2246 1002 2319 proles.
1015 2248 1193 2311 Mercurius,

123 2332 162 2383 illi
174 2333 269 2403 placet.
281 2363 318 2371 —
327 2332 392 2384 Dira
405 2331 566 2404 adsperpinea
577 2332 631 2381 Hu·
674 2329 703 2379 in
715 2327 823 2399 Cyllene
834 2339 926 2377 monte
937 2324 1056 2375 Arcadiae
1068 2338 1158 2376 uatus.

124 2431 203 2462 mano
220 2415 357 2483 sanguine.
713 2406 756 2478 75.
776 2406 830 2476 Ipsi
842 2404 982 2457 reuerentia
992 2403 1079 2475 patri,
1089 2404 1192 2476 Sipro-

161 2507 204 2556 71.
223 2491 337 2560 Spoliaa
345 2490 580 2564 terqo,flentesque
589 2510 630 2541 ca·
674 2506 708 2558 pe
719 2488 759 2539 sit.
770 2484 800 2535 ld
812 2497 865 2550 est,
875 2486 933 2553 ipse
942 2484 1068 2552 luppiter
1076 2500 1188 2534 revere-

126 2575 209 2615 tervoe.
221 2566 354 2633 Describit
365 2568 476 2616 Martem
488 2568 628 2618 intrantem
676 2577 748 2614 retur
763 2582 793 2615 ac
807 2562 962 2614 formidaret
975 2564 1106 2627 Martem,
1121 2565 1144 2614 si
1155 2561 1187 2612 il-

125 2661 201 2694 more
224 2643 460 2715 triumphantium,
481 2657 542 2715 post
563 2664 631 2715 ‹puos
677 2640 731 2692 lum
745 2644 773 2692 in
784 2641 831 2692 tali
842 2642 934 2693 habitu
947 2653 1075 2693 cerneret.

127 2740 206 2773 curru
215 2736 305 2774 vectos
313 2721 527 2794 spoliahostibus
538 2737 631 2793 erepta
714 2721 755 2789 76.
775 2723 831 2773 Nec
843 2721 908 2772 talia
919 2719 1034 2771 mandet.
1046 2720 1073 2772 Si
1085 2718 1185 2771 adven·

126 2801 290 2868 ferebantur,
300 2801 512 2872 incedebantque
523 2804 630 2872 captivi.
677 2815 734 2853 tum
745 2802 839 2853 Martis
853 2800 932 2852 talem
944 2802 1018 2869 juxta
1031 2800 1127 2851 lovem
1140 2819 1186 2852 ca-

164 2899 205 2950 72.
225 2881 281 2933 Nix
292 2882 346 2934 alta
361 2882 456 2934 locum.
469 2881 632 2934 Advenientc
678 2899 722 2932 sus
738 2881 858 2948 afferret,
874 2879 957 2950 multa
972 2878 1004 2929 de
1021 2880 1061 2929 ira
1078 2897 1143 2944 sua,
1160 2890 1187 2929 et

126 2961 199 3026 Deo,
219 2962 308 3012 omnia
328 2980 386 3032 quae
402 2963 429 3011 in
448 2960 535 3012 medio
555 2974 632 3028 sunt,
678 2959 864 3011 mandatorum
879 2957 1023 3010 acerbitate
1036 2957 1183 3008 minuisset.

128 3037 216 3090 locum
227 3038 291 3090 dare
300 3057 408 3092 necesse
418 3053 468 3091 est.
487 3041 613 3092 Lacranr.
677 3040 808 3091 Lacrsnr.

166 3118 208 3187 73.
220 3119 340 3171 Bellona.
351 3118 459 3171 Bellona
470 3138 546 3187 soror
557 3134 583 3172 et
591 3139 634 3181 an·
717 3136 759 3188 77.
778 3119 854 3188 Quod
864 3117 936 3169 Jovis
950 3115 1098 3188 imperium.
1111 3115 1186 3166 Allo-

129 3198 188 3266 riga
205 3199 306 3249 Martis.
321 3227 357 3235 -
374 3197 525 3269 Sanquinea
542 3216 633 3248 manu.
680 3200 752 3250 cutio
767 3200 859 3250 Martis
874 3198 1059 3266 interrogantis
1076 3196 1185 3247 Mercu-

130 3278 214 3329 Atrox
233 3277 298 3328 illud
317 3296 416 3329 numen
430 3280 559 3346 sanguine
573 3277 634 3329 uhi·
679 3280 765 3343 rium,
779 3278 869 3348 qualia
884 3275 917 3328 ad
930 3296 958 3328 se
971 3277 1044 3327 Jovis
1058 3274 1185 3327 mandata

132 3354 336 3428 quegaudeba13
349 3357 414 3407 utin
425 3358 504 3408 sacris
515 3375 572 3408 mos
582 3375 635 3409 ser·
680 3368 808 3427 portaret.
827 3358 953 3407 Lucrina.

132 3436 246 3488 sabatur
260 3433 349 3485 elicito
366 3437 494 3505 sanguine
511 3454 568 3486 eam
586 3455 634 3487 co·
717 3436 759 3504 78.
783 3437 879 3507 Occup.
904 3433 978 3484 Arm.
1008 3450 1090 3503 neque
1115 3431 1184 3481 enim

131 3515 212 3567 lendi.
223 3516 341 3566 Lactant.
352 3514 369 3564 l.
381 3517 406 3580 Ι,
419 3533 442 3565 c.
457 3531 498 3565 20.
509 3512 635 3566 Eamdem
681 3513 764 3580 hune,
781 3533 920 3587 permane,
940 3513 985 3564 sab
1006 3529 1090 3562 axem.
1111 3513 1185 3562 Unus

132 3596 269 3647 Bellonam
280 3605 391 3660 vocant,
403 3595 430 3643 in
444 3592 541 3663 quibus
556 3595 635 3645 sacris
680 3591 778 3643 Bchot.'
789 3612 871 3664 neque
885 3593 955 3644 enim
975 3591 1044 3641 hunc
1061 3591 1139 3641 modo
1159 3590 1186 3640 in

133 3673 185 3743 ipsi
206 3673 362 3727 Sacerdotes
383 3691 438 3723 non
462 3669 568 3735 alieno,
589 3671 636 3723 scd
681 3670 1186 3742 aeravelox.-Occupatannipotcrtt.

135 3771 183 3804 suo
197 3774 291 3806 cruore
304 3754 461 3806 sacrificant.
473 3751 553 3803 Sectis
564 3770 637 3801 nam·
681 3750 875 3820 interrogando
891 3750 961 3802 Mars
980 3751 1115 3820 praevenit.
1134 3748 1186 3798 La-

134 3850 187 3904 que
199 3831 329 3900 humeris,
344 3848 370 3885 et
381 3846 493 3904 utraque
505 3849 585 3881 manu
597 3829 637 3881 di·
682 3844 772 3880 orins.

84 3926 87 3931 ·
134 3908 349 3976 strictosglatlios
357 3921 505 3963 exserentes
513 3919 637 3973 currunt,
718 3909 762 3959 80.
781 3906 948 3958 Mennim...
965 3908 1059 3977 Lycoei.
1074 3904 1187 3957 Maenala

136 3988 299 4050 offeruntur,
318 3989 462 4040 insaniunt.
477 3989 516 4039 De
530 3984 638 4036 Bellona
683 4000 710 4038 et
726 3988 833 4056 Lycaeus
851 4001 953 4040 montes
970 3988 1087 4040 Arcadiae
1104 4007 1188 4039 amoc-

137 4079 163 4116 (ει
176 4066 273 4128 Marte,
284 4064 340 4134 lege
353 4066 563 4136 speculationem
574 4065 639 4116 Cor·
683 4067 793 4118 nissimi.
