2616 4792
471 386 613 448 LIBER
637 386 719 449 Vll.

1075 414 1117 480 29

105 510 311 594 ostentant,
326 509 472 577 subeunt
484 535 622 604 campo,
635 514 694 604 qui
705 515 879 602 proximus
891 516 968 583 urbi

112 623 302 692 Damnatus
313 621 411 690 hellis
423 639 532 716 patet,
546 640 785 717 exspectatque
797 625 938 694 furores.

163 731 323 800 Nondum
334 731 440 800 hostis
453 735 558 816 circa3
571 732 703 825 trepido
713 750 828 800 tamen
839 738 973 827 agmine
984 752 1109 805 matres

123 842 358 912 Conscendunt
369 866 502 926 muros,
514 842 593 911 inde
605 868 700 910 arma
712 846 853 911 nitentia
864 849 951 915 natis

1069 861 1117 928 241

122 958 160 1022 Et
169 953 401 1024 formidandos
414 969 604 1021 monstrant
616 954 680 1022 sub
692 954 821 1022 casside
832 973 956 1048 patres.

163 1069 272 1132 Turre
283 1063 403 1156 procul
416 1063 487 1132 sola
499 1064 652 1132 nondum
664 1089 824 1133 concessa
834 1065 941 1134 videri

69 1223 72 1227 -
120 1178 283 1267 Antigone
294 1175 446 1270 populis,
460 1192 593 1244 teneras
606 1177 800 1245 defenditur
812 1194 885 1246 atra

120 1291 218 1355 Veste
231 1312 348 1379 genas3
359 1285 523 1383 juxtaque
535 1313 662 1372 comm,
676 1315 743 1383 quo
755 1292 856 1357 Laius
868 1290 938 1360 ibat

1074 1305 1124 1372 245

119 1399 309 1488 Armigero;
321 1415 404 1465 tunc
415 1401 510 1492 virgo
522 1423 638 1467 senem
650 1401 766 1490 regina
778 1415 924 1466 veretur.

119 1510 201 1593 Quae
213 1509 261 1575 sic
273 1532 350 1574 orsa
361 1512 473 1599 prior:
493 1540 505 1569 ιι
518 1512 645 1601 Spesne
657 1508 831 1575 obstatura
843 1509 990 1602 Pelasgis

119 1613 199 1685 llaec
210 1617 349 1701 vexilla,
363 1625 480 1712 pater?
492 1620 625 1714 Pelopis
637 1619 841 1688 descendere
853 1638 939 1688 totas

110 1788 168 1842 238.
187 1791 304 1844 Subeunt
315 1813 415 1866 campo.
428 1795 528 1847 Dictoeo
539 1795 578 1846 di·

77 1873 125 1917 cto.
140 1897 176 1907 —
190 1870 288 1939 Campo
304 1873 349 1944 qui
364 1875 497 1942 proximus
512 1875 576 1925 urbi.

80 1940 203 2017 Campum
225 1948 341 2002 subeunt
361 1955 406 2022 qui
424 1966 498 2024 patet
516 1967 578 2004 ante

83 2025 184 2092 urbem,
203 2031 249 2098 qui
268 2030 355 2081 estad
375 2031 492 2083 sistenda
506 2032 578 2084 bella

82 2101 227 2172 damnatus,
242 2107 272 2159 id
286 2122 338 2176 est,
352 2109 507 2165 destinatus.

111 2189 170 2257 ²39·
189 2190 495 2265 Exspectatquefitrores.
505 2192 580 2246 Alter

81 2264 165 2318 llehot.
181 2279 369 2342 expertamque
377 2272 489 2342 furores.

111 2346 171 2412 240.
190 2348 316 2399 Nondum
334 2349 411 2402 hostis
425 2352 508 2415 circu,
529 2362 579 2402 tre·

78 2425 136 2495 pido
152 2438 242 2477 tamen
261 2428 366 2499 apmine
385 2439 486 2479 matres.
506 2429 581 2479 Non·

78 2505 136 2556 dum
152 2505 230 2558 hostis
245 2517 335 2559 contra
351 2509 433 2578 Lang.
449 2527 518 2560 unus
532 2509 581 2559 Be-

78 2581 131 2635 hot.
142 2583 323 2655 Lindenbrog.
332 2599 358 2638 et
368 2587 501 2659 plerique,
512 2588 580 2640 cirea

78 2663 141 2715 alter
150 2664 242 2716 llehot.
253 2665 331 2717 codd.
343 2668 519 2733 Gronoviani,
530 2669 582 2720 Ve-

76 2756 140 2794 nett.
151 2744 181 2809 3,
195 2745 225 2811 4,
237 2744 355 2797 Gronov.
366 2745 454 2800 Barth.
464 2749 582 2799 -Νοη-

76 2823 136 2874 dum
150 2822 229 2875 bostis
239 2835 338 2876 contra.
352 2826 423 2891 Quid
438 2845 505 2896 opus
517 2827 582 2893 fnit,

76 2899 140 2951 (lum
163 2903 191 2951 in
214 2903 319 2972 scriptis
341 2917 430 2954 esset:
454 2905 581 2957 Nondum

77 2981 156 3033 hostis
173 2982 250 3032 cirea.
270 2981 369 3032 Urbem
384 2982 520 3048 videlicet,
536 2997 581 3034 aut

76 3061 104 3111 in
112 3061 218 3110 vicinia.
228 3060 345 3112 Gronov.
353 3063 458 3131 —Reg-
468 3063 499 3129 tt,
510 3065 582 3114 Non-

76 3137 139 3188 dum
159 3136 241 3190 hoster
261 3149 366 3205 contra,
388 3140 475 3212 tepido
494 3150 581 3191 tamen

75 3234 147 3288 aym.
162 3225 256 3268 matres
274 3233 334 3266 cum
350 3217 425 3267 ralia
443 3237 523 3269 manu
539 3236 583 3269 su·

74 3295 227 3365 prescripta
249 3293 346 3357 hahet;
365 3297 428 3365 Reg.
449 3298 485 3361 C,
507 3297 584 3349 hostis

75 3384 169 3426 contra
178 3385 242 3443 trep.
253 3385 315 3424 tam.
326 3374 524 3427 ordinematres.
536 3377 582 3426 Eu.

73 3482 115 3494 -
125 3453 230 3503 Matres.
241 3455 279 3504 Ex
288 3456 405 3504 Homero
415 3452 456 3503 hae
468 3454 585 3524 specula·

74 3533 178 3595 tiones,
187 3543 217 3581 ut
225 3532 325 3583 notavit
335 3533 413 3582 etiam
422 3534 583 3585 Lactantius.

115 3609 177 3676 242.
196 3610 295 3661 Patres.
308 3613 360 3678 Qui
371 3625 445 3662 erant
458 3624 530 3664 extra
542 3631 585 3663 ur-

74 3690 141 3741 bem
154 3691 181 3739 in
194 3707 290 3760 campo
303 3690 411 3742 Dictaeo.

117 3772 177 3838 243.
199 3772 279 3823 Turre
289 3773 391 3844 procul.
402 3775 450 3824 Hic
462 3776 585 3844 Papinius

75 3864 171 3904 noster
185 3853 302 3904 imitatus
316 3852 420 3903 videtur
433 3851 585 3922 Euripidem

623 1813 684 1859 cos,
706 1814 756 1846 nec
774 1795 838 1866 ipsis
855 1794 936 1845 domo
956 1794 1044 1864 egredi
1063 1814 1127 1865 per·

623 1874 785 1929 mittebatur.
798 1874 952 1926 Observarit
964 1887 989 1924 et
1001 1876 1027 1925 in
1037 1873 1128 1925 achil-

623 1953 707 2006 leidos
718 1957 728 2005 l
733 1994 742 2020 ,
755 1954 805 2007 285
815 1967 840 2006 et
852 1971 925 2025 seqq.
940 1953 1059 2003 «Palladi
1068 1953 1127 2004 lito-

623 2053 673 2085 reae
697 2033 850 2085 celebrabat
875 2035 969 2103 Scyros
995 2032 1128 2083 honorum

623 2113 702 2163 Forte
720 2110 803 2177 diem,
822 2110 982 2182 placidoque
1002 2124 1063 2162 satae
1076 2109 1129 2182 Ly-

624 2187 734 2239 comede
743 2205 855 2250 sorores,
864 2190 933 2239 Luce
942 2207 1016 2239 sarra
1025 2191 1129 2257 patriis,

625 2284 681 2337 quae
694 2285 754 2318 rara
768 2266 889 2331 licentia,
902 2269 982 2317 muris
993 2266 1126 2332 Exierant,

625 2344 688 2396 dare
699 2348 767 2397 veris
781 2363 855 2416 opes.
865 2368 876 2391 n

662 2422 722 2488 244.
742 2423 881 2494 Antigone.
901 2423 967 2474 Filia
985 2423 1086 2494 Olldipi
1104 2438 1131 2476 et

625 2503 760 2567 locastae,
790 2520 918 2571 sororque
946 2501 1077 2574 Polynicis
1105 2516 1130 2555 et

626 2577 754 2643 Eteoclis,
765 2578 906 2648 praedicata
917 2599 932 2630 a
940 2583 1026 2650 poetis
1037 2579 1072 2631 ob
1083 2584 1131 2632 mi·
1210 2634 1211 2641 χ

626 2677 683 2709 ram
694 2660 820 2730 pietatem
833 2676 895 2727 erga
908 2673 1025 2729 patrem,
1038 2675 1063 2711 et
1076 2660 1129 2712 fra-

626 2751 692 2789 trem
700 2737 864 2809 Polynicem,
874 2752 904 2789 ut
911 2738 1058 2791 videbimus
1065 2741 1132 2792 The·

626 2814 700 2867 haid.
722 2817 777 2868 ΧΠ,
802 2847 837 2855 -
858 2815 1016 2885 Defenditur
1039 2817 1131 2869 occul·

628 2906 708 2945 tatur.

673 2970 731 3038 245.
750 2974 884 3047 Juxtaque
903 2994 993 3027 rooles.
1015 2975 1132 3029 Phorbas

632 3053 1133 3118 vocabatur,utvidebimusinfra.Hinc

630 3131 770 3199 discimus,
784 3153 839 3185 non
859 3133 944 3185 solum
962 3139 1067 3204 pueris,
1086 3136 1133 3187 sed

628 3213 772 3283 virginibus
790 3215 912 3267 custodes
928 3216 1016 3268 datos.
1034 3220 1074 3269 De
1088 3237 1133 3269 ea·

630 3292 689 3344 dem
703 3295 799 3347 Statius
813 3295 898 3348 Theb.
914 3300 965 3361 Xl,
986 3296 1052 3367 357:
1069 3322 1080 3344 u
1090 3318 1132 3350 se·

630 3375 690 3423 nior
703 3392 791 3426 comes
806 3375 887 3427 haeret
900 3379 1004 3427 eunti.»
1018 3378 1050 3428 Et
1062 3377 1134 3428 The-

630 3451 701 3502 baid.
713 3453 774 3517 XII,
791 3454 841 3507 205
851 3479 856 3506 :
871 3478 882 3502 a
892 3455 961 3507 Olim
971 3455 1014 3506 hic
1024 3449 1134 3524 virginei

631 3544 719 3582 custos
730 3534 900 3603 monitorque
912 3534 1030 3603 pudoris.
1042 3556 1053 3580 a
1065 3537 1134 3606 Lege

630 3609 786 3662 Athenaeum
798 3614 824 3662 in
837 3613 982 3684 Symposio.

667 3689 727 3755 246.
738 3691 887 3762 Armipero,
897 3704 951 3742 tum
961 3693 1032 3766 virqo
1039 3712 1132 3747 senem.

630 3773 705 3821 Unus
720 3771 811 3822 llebot.
827 3790 896 3822 etune
911 3773 991 3844 uirpo.
1003 3775 1134 3828 -Armi-

629 3866 698 3920 pero.
711 3849 763 3914 Qui
773 3851 830 3899 Laii
839 3861 900 3899 ante
910 3850 960 3899 luit
971 3855 1092 3924 armiger,
1101 3874 1133 3906 eo

75 3934 105 3984 in
124 3929 272 3983 Phoenissis.
284 3960 319 3970 -
331 3932 457 3983 Nondum
472 3950 587 3984 concessa
632 3946 702 3978 nunc
714 3929 846 3996 Antigone
859 3927 983 3980 utebatur
995 3933 1115 3986 custode.

76 4008 173 4063 videri.
187 4010 290 4062 Morem
309 4013 405 4081 tangit,
425 4029 476 4084 quo
494 4011 587 4082 puellm
669 4008 729 4076 247.
748 4007 871 4080 Pelasqis.
883 4010 994 4080 Argivis.

75 4093 152 4142 intra
170 4088 252 4140 edem
268 4088 412 4142 manebant
429 4088 501 4161 apud
517 4089 589 4140 Gree-

671 4088 731 4153 248.
751 4087 814 4138 Hoec
832 4087 945 4156 vexilla,
965 4095 1058 4162 pater?
1076 4091 1134 4142 Pel.
