2616 4792
458 374 600 437 LIBER
625 376 708 438 Vll.
1067 388 1104 448 ,3

48 531 56 544 ¹
151 498 209 565 Ille
221 497 325 564 refert
335 495 490 563 consulta
502 501 609 588 patris
622 526 629 564 :
644 524 707 567 nec
719 499 818 592 longa
830 523 995 589 moratos,

109 610 193 677 Sicut
203 608 410 678 anhelabant
417 604 540 699 juncto
553 609 677 678 sudore
689 610 840 682 volantes

111 723 193 789 Mars
204 718 349 812 impellit
361 743 481 813 equoS,
494 720 691 815 residesque
703 724 739 788 in
750 724 865 816 praelia
877 729 994 797 Graios

113 835 178 924 lpse
189 835 292 899 etiam
303 829 500 921 indignans:
518 829 602 898 vidit
612 848 709 923 pater
721 833 828 916 altus,
840 849 874 901 et
885 838 934 904 ira

111 944 176 1008 Jam
187 939 307 1021 levior,
322 937 419 1006 tardo
431 938 588 1008 flectebat
599 941 751 1034 pondere
762 943 907 1011 vultum.

148 1058 193 1120 Ut
205 1052 383 1146 siquando
395 1052 481 1132 ruit,
495 1050 746 1147 debellatasque
758 1053 894 1148 reliquit
909 1118 921 1137 ,

109 1165 211 1229 Eurus
225 1183 347 1255 aquas,
360 1185 427 1253 pax
438 1164 512 1254 ipsa
524 1175 651 1245 tumet,
664 1179 879 1258 pontumque
888 1162 1057 1258 jacentem

108 1274 270 1340 Exanimis
280 1270 351 1365 jam
362 1272 470 1342 volvit
479 1270 588 1342 hiems
602 1301 609 1340 :
626 1273 780 1342 nondum
794 1301 889 1343 arma
902 1281 1024 1346 carinis

107 1387 240 1464 Omnia,
253 1408 316 1451 nec
327 1399 399 1451 toto
411 1385 581 1476 respirant
592 1401 729 1478 pectore
741 1404 864 1455 nautae.

147 1500 292 1565 Finierat
304 1520 436 1589 pugnas
447 1495 558 1563 honor
570 1497 770 1592 exsequialis
784 1502 945 1585 inermes,
1071 1537 1106 1588 9⁰
1195 1512 1201 1518 ’

107 1610 168 1673 Nee
180 1604 262 1672 dum
273 1606 414 1673 aberant
425 1622 549 1690 coetus,
563 1613 762 1703 cunctisque
775 1611 956 1680 silentibus
969 1613 1069 1683 heros

107 1719 187 1784 Vina
199 1717 270 1786 solo
283 1716 430 1784 fundens
442 1721 589 1787 cinerem
601 1719 757 1812 placabat
769 1722 932 1790 Adrastus

93 1931 134 1982 81.
153 1935 277 1985 Moratur.
296 1931 376 1984 Nulla
393 1952 466 1986 mora
480 1933 559 1985 discit
606 1935 669 1998 1683
684 1949 753 1988 nost.
771 1933 831 1987 edit.
848 1949 912 1988 torn.
930 1941 955 2002 1,
971 1956 1032 2009 pag.
1046 1940 1106 1991 361.

16 2003 137 2062 Patris
150 2024 291 2082 praecepta.
310 2012 436 2063 Lacranr.
603 2011 644 2064 Sic
659 2013 745 2065 valer.
766 2014 853 2064 Flacc.
872 2016 972 2085 Argon.
991 2017 1035 2082 IV,
1055 2034 1106 2069 20:

92 2090 134 2141 82.
153 2091 251 2141 Juncto
263 2088 364 2141 sudore.
376 2091 466 2142 Priore
478 2103 505 2141 et
516 2109 558 2142 se·
606 2090 734 2143 ntandem
749 2093 824 2144 fessis
839 2112 890 2162 pax
906 2092 1009 2145 reddita
1023 2093 1107 2158 silvis,

19 2167 159 2225 quante.
337 2190 340 2194 ·
602 2170 789 2243 Fluminaque,
803 2185 852 2222 etc.
865 2196 875 2220 u

94 2247 133 2299 83.
149 2248 299 2321 desidesque
310 2250 339 2299 in
350 2247 442 2321 proelia
457 2250 555 2301 Graios.
639 2251 682 2303 88.
701 2251 839 2302 Exanimis
842 2253 903 2321 jam
915 2250 997 2302 volvit
1010 2251 1106 2304 hiems.-

70 2340 119 2396 eg.
135 2329 168 2393 Β,
182 2327 292 2379 residens
307 2327 334 2376 in
350 2326 444 2399 proelt'a
461 2327 564 2391 habeta
604 2329 723 2380 nondum
742 2347 816 2378 anna
835 2330 936 2379 carinis.
956 2333 1014 2379 Put.
1035 2348 1109 2380 arma

26 2385 117 2476 Reg.
129 2408 160 2470 C,
172 2418 241 2458 nost.
255 2406 314 2456 lect.
333 2407 380 2457 Eu.
604 2407 744 2479 quiescunt.
756 2408 876 2456 -Hanc
889 2406 1030 2458 lectionem
1044 2409 1108 2479 ch.

91 2485 132 2551 84.
146 2487 315 2552 Ira.Rectius
324 2487 376 2537 iroe.
384 2483 555 2556 Peyrarcdus.
605 2483 730 2551 Bhabet‚
744 2487 808 2553 Reg.
821 2483 841 2534 C
853 2497 921 2536 nost.
935 2486 980 2536 En.
991 2515 1027 2525 --
1036 2487 1108 2537 Exa-

91 2563 133 2617 85.
158 2564 245 2618 Tardo'
256 2565 390 2641 flectebat.
412 2568 442 2616 ln
463 2563 558 2615 eodem
604 2564 689 2616 nimis.
706 2562 767 2613 Sine
777 2574 872 2628 vento,
886 2562 915 2614 id
927 2576 979 2631 est,
992 2564 1108 2635 reliquiae

40 2629 146 2697 Behor.
161 2645 273 2698 codice:
293 2647 365 2697 tarde
372 2646 506 2721 flectebat.
522 2673 557 2683 -
603 2645 766 2714 tempestatis
776 2643 839 2695 licet
848 2645 900 2696 sint
910 2645 967 2696 sine
977 2643 1041 2696 datu
1048 2664 1109 2697 ven·

51 2711 271 2802 Tardoflectebat
279 2723 394 2794 pondere
403 2723 516 2776 vultum.
527 2724 557 2775 ld
602 2735 706 2786 torum,
717 2735 805 2772 tamen
817 2720 904 2772 adhuc
916 2724 1109 2792 exagitantma-

54 2803 188 2870 Quande
196 2790 369 2855 submittebat
375 2804 558 2855 vultumzirati
603 2820 640 2852 re.
659 2803 786 2853 Lucrum.
801 2829 836 2838 -
846 2801 972 2852 Nondum
985 2820 1058 2853 arma
1070 2823 1109 2854 cn·

62 2885 125 2933 enim
138 2895 162 2935 et
173 2882 296 2934 iracundi
310 2879 520 2948 sunt'riduv'xtrtr.
604 2879 668 2931 riuis
683 2878 789 2930 Omnia.
804 2876 834 2928 ld
853 2890 908 2945 est,
927 2878 1047 2930 nondum
1058 2882 1108 2930 -in-

94 2965 133 3016 86.
154 2964 190 3016 Ut
203 2965 224 3015 si
239 2964 344 3036 quando
364 2964 427 3029 ruit,
445 2963 558 3015 debella·
603 2967 749 3009 strumenta
761 2958 835 3008 navis
850 2971 912 3008 sunt
928 2959 956 3009 iu
972 2977 1003 3010 eo
1016 2959 1109 3012 ordine

69 3045 144 3117 toque
154 3043 267 3115 reliquit.
284 3044 331 3109 Ut,
343 3043 364 3095 si
376 3045 480 3116 quando
494 3043 560 3096 redit
604 3055 635 3087 ae
647 3036 708 3087 loco
721 3054 774 3107 quo
788 3053 846 3087 esse
858 3034 966 3087 debent.

71 3117 175 3175 Barthius
199 3141 231 3175 ex
254 3122 361 3192 optimis
386 3122 557 3173 membranis.
640 3115 682 3183 89.
702 3116 758 3167 Nec
777 3124 848 3180 toto,
871 3127 920 3166 etc.
941 3117 1011 3182 Quia
1031 3117 1110 3168 timor

71 3197 270 3275 delinquitDan.
280 3202 368 3252 Petav.
379 3199 483 3251 Behott.
494 3218 516 3264 ι,
529 3219 557 3266 2,
605 3192 737 3244 contrahit
756 3192 944 3263 diaphragma,
961 3192 1033 3245 unde
1052 3213 1110 3246 cre·

71 3274 232 3350 Lindenhrog.
253 3293 279 3331 et
293 3279 370 3330 Cruc.
389 3309 425 3318 —
443 3281 485 3331 Sic
503 3279 559 3330 fere
603 3272 678 3324 brior
689 3289 721 3323 ac
735 3272 868 3323 difficilior
880 3272 1028 3342 respiratio.

72 3359 129 3428 apud
145 3372 291 3412 nostratem
311 3361 461 3423 Vonmrnn,
484 3358 558 3408 Heu·
638 3369 681 3420 9⁰·
706 3353 812 3424 Puqnas
832 3352 949 3404 inermes.
969 3352 1011 3403 Sic
1032 3364 1109 3404 vocat

71 3437 138 3506 riade,
151 3438 289 3502 chantVI,
303 3436 370 3488 336:
387 3434 558 3488 «semblable
603 3432 707 3484 ludicra
718 3434 871 3483 certamina.

72 3519 99 3568 «t
117 3518 223 3574 l'oce'an
245 3519 289 3589 qui
310 3515 441 3587 s’appaise
466 3527 492 3565 et
513 3516 559 3585 qui
639 3528 681 3581 91.
696 3509 1109 3564 Necdum‘aberantcoetus.Non·

70 3599 212 3666 «pronde-
229 3596 307 3648 Cous.
320 3595 413 3646 Claud.
429 3607 499 3645 nost.
516 3594 558 3646 ed.
604 3591 665 3641 dum
680 3591 790 3642 aberant
803 3609 871 3642 unus
886 3590 979 3642 Behot.

68 3685 119 3728 tom.
127 3679 151 3743 1,
160 3695 222 3749 pag.
234 3674 298 3742 144,
308 3675 359 3726 vid.
369 3676 448 3725 etiam
457 3686 514 3724 not.
525 3673 559 3724 ad
639 3687 681 3738 9²·
695 3670 721 3722 V
721 3670 765 3720 ina
774 3688 792 3721 r.
798 3669 825 3739 f.
834 3671 885 3720 cin.
893 3665 1110 3737 placabatAdra-

67 3752 180 3825 Theh.1‚
201 3757 269 3827 479,
289 3767 353 3806 tom.
369 3752 482 3823 praeced.
496 3770 557 3823 pag.
604 3762 662 3802 stus.
677 3752 744 3801 Dan.
760 3751 846 3802 Petav.
864 3761 890 3799 et
906 3746 998 3797 Behot.
1016 3762 1046 3812 a,
1058 3766 1110 3819 pa-

67 3831 101 3900 87.
118 3835 164 3886 En.
283 3830 287 3833 ’
605 3833 680 3882 rabat
706 3830 838 3881 Adrastus.
867 3831 924 3878 Hoc
952 3842 1110 3900 receperunt

94 3913 133 3982 87.
152 3915 212 3966 Pax
227 3914 282 3983 ipsa
297 3921 387 3962 tumet.
407 3911 468 3980 Ipsa
486 3922 560 3960 tran·
603 3909 783 3978 Lindenbrog.
798 3922 824 3959 et
836 3907 914 3958 Cruc.
927 3938 963 3946 -
977 3907 1114 3962 Vinasolo

66 3991 169 4061 quillitas
185 3994 314 4064 inquieta.
333 3990 461 4041 Ltcrtnr.
475 3990 561 4038 -vi-
599 3987 852 4059 fundens,cinerem
860 3983 1110 4058 placabatAdrastus
1145 4046 1147 4050 Α

65 4067 127 4124 desis
137 4085 195 4125 not.
208 4071 242 4125 ad
254 4071 298 4124 sit.
313 4069 395 4121 Italic.
408 4071 498 4140 Punic.
511 4072 560 4136 vt,
606 4065 766 4118 Archemori.
784 4063 875 4134 virgil.
892 4065 994 4126 AEueid.
1008 4068 1043 4131 V,
1059 4082 1108 4135 77:
1135 4068 1144 4083 '
