2616 4792
209 367 251 447 rs
445 369 479 428 r.
508 367 542 431 r.
569 365 722 431 srsru
747 367 1022 435 rueramus

253 495 321 559 Nec
332 489 470 559 laudare
482 495 578 575 satis,
591 490 780 586 dignasque
792 493 979 586 rependere
991 512 1101 587 grates

252 601 603 670 Sufficiamzreferent
614 604 952 698 Superi,vestraeque
964 604 1104 673 subacto
1199 613 1282 666 330

253 716 357 779 Hoste
368 736 489 781 manus
502 741 509 779 :
524 712 644 781 urbem
657 716 746 780 socia
757 711 800 781 de
812 730 912 804 gente
925 714 1063 784 subistis

252 826 388 907 Tutari,
402 849 505 919 quam
517 846 587 891 non
599 820 674 890 aliis
686 823 867 915 populator
878 824 920 891 ab
933 829 1001 893 oris

254 934 409 1027 Belliger,
423 953 601 1004 externave
614 951 706 1002 satus
719 933 855 1034 tellure,
870 935 929 1004 sed
941 936 1049 1006 bostis
1075 991 1080 999 .

253 1045 416 1138 Indigena
428 1044 589 1127 assultat,
603 1046 658 1112 cui
670 1061 780 1112 castra
792 1045 933 1114 adversa
944 1053 1075 1140 regenti

255 1158 316 1222 Hic
328 1171 438 1248 pater,
452 1152 507 1221 hic
519 1156 679 1246 genitrix,
693 1153 748 1222 hic
756 1152 885 1247 junctae
897 1158 1001 1249 stirpe
1014 1181 1161 1243 sorores,
1203 1153 1299 1220 383⁵

255 1268 318 1332 Hic
328 1279 401 1331 erat
411 1278 445 1330 et
455 1263 567 1330 frater.
579 1267 686 1330 Cerne
699 1288 741 1331 en
754 1265 949 1360 ubieunque
960 1267 1127 1335 nefandus

254 1369 445 1438 Exscidium
459 1371 588 1439 moliris
600 1375 682 1440 avis.
696 1378 828 1441 Venere
840 1374 991 1445 volentes

257 1485 371 1549 Aoniae
382 1484 520 1576 populi;
533 1507 596 1552 nec
608 1509 685 1552 sum
698 1485 776 1569 tibi,
790 1509 892 1569 saeve,
904 1487 1050 1555 relictus.

254 1591 344 1677 Quid
355 1592 436 1660 velit
448 1595 511 1660 ista
522 1595 657 1676 cohors,
670 1611 704 1662 et
715 1610 748 1662 te
761 1599 885 1662 sentire
897 1595 1048 1665 decebat.

255 1701 406 1771 Reddere
418 1728 522 1795 regna
533 1719 658 1774 vetant.
672 1737 685 1766 r
701 1708 753 1774 Sic
766 1707 872 1789 fatus,
886 1725 919 1774 et
932 1711 1046 1775 omnia
1056 1710 1120 1776 rite
1207 1717 1255 1789 39⁰

254 1817 427 1906 Disponit,
442 1818 501 1908 qui
511 1813 601 1883 bella
614 1832 749 1907 gerant,
764 1818 822 1910 qui
833 1820 958 1885 moenia
969 1834 1123 1900 servent,

256 1929 347 2009 Quas
360 1926 396 1990 in
407 1923 518 1992 fronte
530 1950 670 2011 manus,
682 1926 795 1995 medio
808 1950 892 2022 quas
904 1928 1025 1996 robore
1038 1929 1143 1996 sistat.

208 2157 290 2210 rastis.
302 2157 397 2209 Jurare
408 2157 515 2227 proprie
529 2169 585 2222 est,
600 2158 713 2226 quoties·
759 2181 770 2204 a
781 2159 851 2210 Mala
866 2158 940 2211 ducis
953 2159 995 2209 avi
1009 2156 1128 2209 domum.
1138 2179 1151 2204 ι
1163 2159 1257 2209 Pum-

209 2255 317 2309 cunque
340 2249 504 2289 sacramento
531 2238 659 2288 exercitus
684 2238 711 2286 in
757 2253 845 2290 uenus.
870 2237 922 2291 Sed
943 2236 1021 2289 male.
1044 2237 1161 2308 Vulgata
1180 2236 1257 2288 lectio

210 2317 300 2390 aliquo
318 2315 389 2368 bello
406 2318 558 2388 conspirat,
577 2317 631 2369 sive
650 2319 730 2387 quia¹
758 2317 874 2385 optima,
894 2330 920 2368 et
938 2335 970 2366 ex
987 2316 1069 2366 veteri
1089 2314 1191 2366 codice.
1207 2314 1258 2382 Qui

210 2398 327 2468 legiones
340 2416 421 2468 quum
437 2396 598 2463 scribuntur,
614 2410 675 2448 ante
684 2398 712 2447 in
758 2397 828 2446 enirn
835 2397 925 2465 patriae
931 2393 1031 2445 bellurn
1039 2394 1133 2458 infert,
1146 2394 1201 2447 avis
1207 2394 1259 2445 suis

211 2488 376 2527 sacramenta
397 2473 495 2527 militiae
514 2476 713 2549 compelluntur
758 2474 903 2526 exscidium
920 2485 1013 2545 parat,
1032 2491 1149 2542 quorum
1166 2470 1258 2523 tumuli

208 2555 307 2623 jurare.
326 2553 454 2604 Luam.
758 2570 788 2602 ac
799 2555 900 2603 cineres
908 2551 1085 2602 violabantur.
1096 2579 1132 2591 -·-
1145 2547 1259 2603 Ubicun-

247 2633 308 2685 380.
328 2633 451 2703 deferent
470 2633 571 2702 Superi.
592 2637 712 2686 Petrens.
757 2648 807 2701 que
818 2630 956 2701 nefandus.
968 2628 1071 2680 Nullibi
1082 2648 1138 2681 non
1150 2630 1260 2682 scelera·

210 2711 325 2784 ttcferant
336 2711 436 2782 Superi.
758 2719 800 2759 tus
808 2727 851 2775 es,
862 2726 1022 2780 quocunque
1032 2721 1058 2760 te
1067 2721 1163 2761 vertas.
1177 2713 1210 2761 V.
1217 2710 1257 2762 Se.

247 2791 307 2857 384.
330 2791 377 2843 cni
389 2801 472 2842 eastra
483 2789 589 2842 adversa
607 2791 712 2864 repenti.
794 2787 855 2839 388.
878 2786 979 2838 Aonioe.
998 2789 1114 2838 Boeotiae.
1133 2817 1171 2829 --
1187 2787 1259 2840 neti-

214 2872 264 2922 ·ln
277 2869 383 2922 duobus
397 2867 471 2919 libris
484 2882 538 2920 est:
555 2868 713 2941 adversafe-
758 2875 821 2917 ctus.
836 2867 872 2916 Ut
885 2865 1003 2916 invenias
1018 2884 1060 2916 me
1072 2879 1208 2918 carentem
1217 2884 1261 2918 au·

211 2951 293 3011 renti5
307 2947 373 3000 nihil
383 2962 546 3000 mutamus.»
564 2951 659 3002 Bsurn.
758 2944 842 3010 xiliis,
856 2957 882 2996 et
895 2942 1008 2995 occidas.
1027 2945 1156 2995 Lacutur.

247 3027 308 3082 385.
328 3027 380 3078 Hic
392 3031 494 3099 juncte
514 3029 593 3099 stirpe
610 3047 711 3081 sorores.
794 3024 854 3092 390.
865 3023 944 3076 Redit.
958 3040 977 3074 r.
987 3023 1259 3095 v.Sicfatus‚ctom-

210 3106 304 3159 Behot.
318 3123 340 3171 1,
355 3103 515 3177 bacjunctoe.
759 3102 813 3154 nia.
837 3101 1032 3173 «Legendumr
1054 3103 1098 3154 Sic
1109 3104 1198 3174 satur,
1219 3114 1260 3166 et,

248 3186 308 3238 386.
333 3183 369 3234 Η.
390 3201 411 3234 e.
432 3196 457 3235 et
470 3183 496 3256 f.
517 3201 592 3235 cerne
609 3203 641 3235 en
655 3185 714 3235 ubi·
758 3200 819 3232 cum
842 3182 947 3251 optimis
970 3180 1075 3232 libris.»
1104 3183 1203 3233 Binan.
1225 3211 1261 3222 -

197 3309 200 3316 .
211 3281 312 3336 cunque
324 3260 462 3331 nefandus.
473 3265 502 3312 ln
513 3261 609 3314 eodem
620 3261 712 3314 Behot.
757 3259 870 3311 Reddere
879 3277 959 3332 regna
969 3271 1064 3312 vetant.
1072 3260 1119 3311 sie
1128 3260 1260 3313 Thebaid.

211 3342 321 3407 codice,
337 3338 466 3409 nefande,
481 3359 542 3391 cum
555 3339 656 3410 glossa,
676 3359 714 3392 ao
757 3340 793 3405 11,
808 3339 857 3404 451
871 3361 876 3390 :
896 3357 967 3403 suec
978 3340 1030 3410 ipsi
1040 3352 1130 3411 patres
1142 3340 1262 3394 Reddere

211 3419 356 3493 nefande.»
370 3417 432 3466 Exc.
447 3417 559 3469 Cantab.
573 3422 653 3470 etiam
667 3438 715 3470 ne·
757 3435 839 3486 regna
853 3416 971 3468 sinente¹

205 3499 300 3572 fonde.
313 3495 436 3566 Optimus
452 3494 537 3548 codex
552 3496 666 3547 Barthii:
681 3516 713 3549 en
794 3497 855 3565 391.
877 3496 1263 3570 Quimoeniaseroent.Reg.B,

210 3598 300 3646 cerne,
317 3575 473 3646 ubicumque
491 3577 605 3648 nefande
609 3599 619 3638 ,·
633 3580 712 3629 Taur.
758 3587 860 3629 servant
871 3576 1000 3645 habebat,
1012 3577 1058 3630 sed
1067 3579 1143 3630 litera
1152 3598 1168 3630 e
1178 3580 1264 3634 altera

210 3658 367 3726 nefandum.
386 3683 422 3693 --
437 3653 491 3705 Hic
506 3666 563 3706 erat
578 3666 604 3706 et
616 3654 712 3726 frater.
758 3674 839 3708 manu
866 3660 1047 3728 suprascripta
1072 3659 1118 3710 dat
1144 3671 1262 3728 servent,

209 3738 295 3803 Quasi
307 3739 362 3805 jam
375 3753 430 3786 non
441 3748 519 3786 esset.
535 3734 666 3786 Gururus.
677 3764 713 3773 -
758 3737 821 3807 Reg.
837 3736 858 3787 C
871 3750 942 3788 nost.
956 3737 1016 3788 lect.
1029 3736 1137 3808 prebet.
1157 3739 1206 3790 Eu.

122 3847 126 3853 -
211 3814 336 3884 Corrige,
351 3814 407 3865 erit.
422 3816 644 3865 Paratianens-
658 3815 714 3866 Ne·
794 3816 855 3885 392.
877 3817 966 3868 Medio
988 3835 1053 3888 quos
1072 3818 1161 3868 robore
1180 3819 1262 3870 sistat.

205 3892 463 3963 fundusExscidium
472 3891 713 3946 molirisavt's.Cor·
760 3895 870 3947 «Scribe
889 3913 950 3946 eum
969 3894 1076 3947 duobus
1093 3893 1183 3947 libris:
1199 3914 1264 3968 quas

211 3974 282 4042 rige:
303 3969 429 4039 Nefanda
449 3973 592 4025 Excidium
612 3972 714 4025 moliris
758 3993 877 4048 corpore;
899 3992 957 4044 quoe
976 3993 1026 4026 vox
1047 3986 1179 4026 consonat
1199 3993 1264 4028 cum

211 4052 262 4103 avi.
282 4049 408 4100 Horatius
426 4048 473 4100 lib.
493 4053 519 4117 l,
539 4052 591 4106 Od.
614 4052 660 4119 15,
677 4053 711 4105 5:
757 4055 854 4107 frontis
866 4056 1031 4105 mentione.»
1052 4054 1146 4104 Banru.
