2616 4792
198 426 240 490 26
432 424 469 485 P.
495 423 530 487 P.
557 419 712 487 STATll
737 419 1012 484 THEBAIDOS

242 550 382 630 Dorica,
395 572 499 643 quam
511 566 655 640 promtae
667 549 812 638 Superos
825 548 992 613 incessere
1003 542 1150 630 Thebae;

242 664 292 727 Te
303 683 439 753 quoque
449 685 456 724 ι
468 657 545 743 sed,
558 661 720 753 quoniam
730 674 827 724 vetus
838 653 960 723 excidit
970 657 1038 740 ira,
1051 655 1171 725 silebo.
1205 688 1257 723 210

243 775 319 838 Non
331 787 446 863 tamen
457 788 516 838 aut
527 773 638 862 patrio
650 793 825 863 respersus
838 770 1002 859 sanguine
1015 768 1188 836 Pentheus
1199 823 1207 853 ,

244 884 311 947 Aut
322 897 465 949 matrem
478 877 660 947 scelerasse
674 881 769 959 toris,
782 896 842 946 aut
853 880 992 945 crimine
1005 879 1127 947 fratres

244 985 466 1085 Progenuisse
478 1015 574 1075 reus,
587 990 698 1059 lacero
711 1008 768 1058 tua
780 991 886 1059 lustra
898 990 1042 1083 replevit

244 1110 394 1173 Funere:
408 1103 467 1172 ubi
478 1102 600 1173 fletus?
612 1102 670 1169 ubi
685 1120 765 1170 tunc
777 1127 831 1169 ars
844 1120 939 1171 tanta
949 1103 1133 1194 precandi?

243 1223 305 1285 Ast
316 1241 378 1307 ego
390 1239 460 1283 non
473 1214 716 1307 propriodiros
730 1215 891 1305 impendo
904 1213 1013 1281 dolori
1206 1227 1258 1278 ²15

243 1324 535 1418 OEdipodionidas
548 1353 555 1391 ε
570 1342 667 1417 rogat
679 1325 744 1392 boc
755 1325 940 1419 tellusque,
954 1322 1137 1418 polusque,

244 1441 286 1504 Et
296 1439 420 1529 pietas,
434 1453 467 1504 et
478 1435 559 1504 laesa
571 1437 670 1520 fides,
682 1454 887 1530 naturaque,
903 1453 936 1503 et
947 1438 1011 1527 ipsi

244 1547 474 1615 Eumenidum
485 1572 596 1615 mores
610 1576 616 1614 :
632 1547 690 1615 sed
703 1564 741 1613 tu
754 1571 857 1638 super
869 1546 953 1612 urbe
965 1547 1093 1611 moveri

245 1661 347 1724 Parce
360 1674 438 1742 tua3
452 1682 521 1727 non
534 1660 599 1727 hoc
611 1661 713 1725 statui
725 1658 788 1725 sub
802 1674 954 1748 tempore
967 1655 1068 1722 rebus

246 1772 413 1839 Occasum
425 1772 686 1839 Aoniis:veniet
698 1770 886 1862 suspectior
898 1785 1014 1849 aetas,'
1207 1796 1260 1831 220

235 1998 295 2050 2⁰9·
306 1979 416 2046 Dorica,
427 1999 507 2052 quam
517 1993 704 2053 promtoe‚etc.
750 1979 856 2033 Behott.
875 1997 898 2046 1,
912 1998 941 2046 2,
956 1991 1001 2031 tua
1006 1981 1088 2049 jussa.
1109 2008 1144 2018 -
1159 1978 1261 2031 Lacero

198 2059 282 2130 Lang.
302 2059 402 2111 Buslid.
421 2059 538 2131 Lipsian.
558 2063 627 2111 Dan.
645 2063 704 2112 Put.
752 2071 795 2111 tua
813 2059 893 2112 lustra
907 2057 1016 2130 replevit
1030 2060 1140 2109 Funere.
1154 2056 1263 2108 Alludit

198 2141 287 2190 Petav.
307 2138 408 2190 Rebott.
431 2156 459 2203 1,
479 2157 510 2205 a,
527 2154 554 2191 et
567 2138 627 2191 edd.
641 2153 704 2192 vett.
751 2140 784 2191 ad
795 2138 926 2205 fabulam,
938 2157 990 2210 qua
1001 2138 1150 2207 discerptus
1160 2137 1264 2187 dicitur

199 2235 278 2289 quam
291 2228 402 2288 promte.
421 2247 457 2259 -
475 2218 587 2284 Dorica,
603 2219 705 2269 Graeca.
751 2217 884 2269 Pentheus
897 2237 910 2266 a
924 2215 1128 2268 Bacchantibua
1147 2244 1185 2254 -
1202 2215 1262 2265 Lu-

197 2296 328 2348 Fabulam
340 2297 445 2349 Tantali
459 2299 581 2370 respicit,
597 2300 643 2370 qui
657 2297 707 2349 fili·
751 2308 812 2350 stra.
821 2299 869 2348 llic
880 2297 990 2348 abusive
1001 2298 1080 2346 sumit
1091 2313 1140 2364 pro
1150 2294 1263 2364 quibus·

199 2394 245 2427 um
261 2378 318 2429 Diis
339 2377 501 2447 epulandum
514 2377 634 2448 praebuit.
751 2377 818 2429 libet
829 2377 924 2442 sacris,
938 2394 985 2426 seu
996 2375 1074 2445 orgiis
1084 2372 1263 2435 triennalibus

237 2474 298 2508 210.
319 2459 356 2508 Te
369 2479 480 2531 quoque.
498 2459 597 2531 Supple
617 2460 708 2513 laesum
753 2457 859 2508 Bacchi.

200 2534 281 2586 fuisse
295 2553 312 2585 a
322 2535 467 2589 Thebanis.
791 2534 851 2599 214.
869 2535 976 2586 Funere.
995 2534 1035 2584 De
1051 2529 1103 2581 hac
1121 2548 1188 2581 voce
1204 2528 1261 2580 vid.

238 2628 299 2662 211.
318 2615 452 2686 sanquine
467 2615 606 2666 Pentheus.
626 2618 708 2669 Com·
753 2613 862 2663 Excurs.
877 2611 910 2662 38
928 2610 973 2662 lib.
987 2608 1094 2661 lTheb.
1106 2622 1171 2659 tom.
1190 2627 1263 2679 prae-

201 2691 375 2742 memorando
395 2692 469 2762 quod
483 2691 615 2744 Pentheus
630 2695 710 2744 inno·
754 2690 811 2742 ced.
825 2709 886 2761 pag.
903 2690 951 2743 125
964 2703 990 2742 et
1002 2709 1055 2760 seq.
1075 2690 1122 2739 Eo.

202 2789 266 2822 cens
279 2770 422 2822 crudeliter
433 2772 543 2840 punitus
557 2784 609 2836 est,
626 2784 652 2822 et
666 2773 710 2822 Li·
790 2770 851 2822 216.
874 2768 1109 2841 OEdt'podiortidas.
1120 2765 1221 2839 OEdipi
1232 2767 1262 2819 fi-

200 2849 296 2902 berum
316 2852 344 2902 in
363 2849 468 2902 Thebas
486 2850 617 2901 vindicem
636 2868 709 2901 seve·
753 2847 804 2900 lios
819 2848 954 2902 scelestos.

166 2991 167 2995 Ἰ
200 2949 260 2982 rum
272 2948 337 2982 esse.
349 2930 517 3001 Comparavit
531 2933 600 2982 enim
611 2931 710 3002 OEdipi
790 2933 851 2983 218.
869 2932 948 2983 Eum.
964 2949 999 2980 m.
1017 2930 1060 2982 sed
1071 2939 1098 2980 tu
1110 2946 1187 2999 super
1198 2930 1263 2980 urbe

201 3008 368 3080 Pentheique
382 3011 515 3076 facinora,
529 3013 574 3082 qui
585 3030 634 3061 nec
648 3030 709 3081 par·
754 3011 861 3062 moveri.
873 3011 937 3080 Reg.
950 3011 983 3075 B,
995 3026 1071 3080 super
1081 3010 1142 3059 orbe
1153 3027 1215 3059 curn
1228 3008 1263 3059 li-

202 3086 542 3154 ricidiumfecit‚neccu1n
554 3103 635 3141 matre
646 3108 710 3141 con·
755 3103 811 3142 tera
830 3110 848 3141 u
867 3091 966 3161 scripta
984 3089 1034 3140 alia
1053 3107 1144 3139 manu.
1163 3089 1212 3139 Eo.
1224 3117 1263 3127 -

204 3166 304 3218 cubuit.
325 3168 414 3234 Quum
434 3168 567 3220 Pentheus
585 3171 636 3222 ista
654 3189 710 3221 non
754 3171 931 3223 Eumenidum
954 3188 1045 3221 mores.
1071 3167 1174 3234 Quibus
1201 3186 1261 3219 mos
1292 3178 1296 3183 '

202 3248 417 3314 fecerit‚ta1nen
439 3248 527 3300 lacero
549 3252 644 3304 funere
664 3265 710 3302 tua
755 3250 854 3304 scelera
881 3249 1019 3322 puniendi.
1047 3277 1083 3288 -
1111 3248 1178 3300 Urbe
1206 3261 1260 3300 tua.

203 3325 287 3380 lustra
300 3327 451 3397 complevit.
469 3329 539 3398 Ergo
552 3342 582 3381 tu
598 3330 642 3402 qui
656 3343 710 3381 tam
754 3330 861 3382 Thebis

204 3409 344 3459 sevissime
357 3426 442 3477 parvae
454 3408 538 3479 culpae
549 3428 606 3462 reos
615 3413 710 3480 punire
792 3427 851 3479 219.
870 3411 933 3462 Non
944 3408 992 3460 hoc
1001 3408 1087 3459 statui.
1102 3404 1192 3468 Ordo;
1205 3424 1261 3456 non

204 3489 379 3553 consuevisti,
391 3505 447 3538 non
462 3487 544 3540 debes
555 3501 610 3541 tam
622 3489 712 3541 llebili·
755 3488 808 3541 boc
821 3504 940 3560 tempore
953 3490 1033 3540 statui
1045 3487 1150 3538 Thebas
1164 3500 1262 3539 everte-

204 3578 245 3618 ter
255 3586 305 3639 pro
317 3566 514 3621 nefandissimis
527 3569 686 3640 supplicare.
755 3590 796 3623 re:
811 3586 836 3623 et
849 3571 903 3622 hoc
916 3569 1028 3627 dicendo
1041 3587 1102 3639 spes
1114 3567 1203 3639 aliqua
1213 3585 1261 3638 po·

235 3651 712 3723 a12.Fratresproqenuissereus.Quia
756 3650 858 3702 stolatae
883 3652 966 3701 venire
990 3649 1163 3720 promittitur.
1190 3647 1262 3698 Dicit

204 3727 327 3797 OEdipus
337 3731 447 3781 maritus
458 3743 483 3781 et
491 3729 560 3781 lilius
571 3731 675 3795 matris,
685 3742 711 3780 et
756 3731 826 3781 euim
837 3732 960 3800 luppiter
971 3749 1012 3793 se,
1025 3741 1055 3779 ut
1067 3739 1163 3778 caetera
1175 3727 1262 3776 numi·

204 3809 288 3875 patris
303 3809 349 3859 filii
361 3809 456 3860 fratres
471 3821 546 3861 sunt:
562 3807 650 3858 nullus
663 3810 711 3878 igi-
756 3829 805 3877 na,
819 3812 984 3861 imminentia
996 3807 1065 3860 mala
1075 3825 1155 3879 posse
1167 3805 1262 3858 differ·

205 3897 249 3936 tur
263 3885 298 3936 ibi
315 3888 423 3956 pietatis
438 3888 504 3940 ordo
521 3900 640 3941 servatus
654 3900 709 3952 est,
755 3910 798 3958 re,
811 3892 838 3942 in
848 3902 934 3941 totum
944 3908 1007 3940 vero
1017 3901 1119 3939 mutare
1131 3905 1187 3937 11011
1198 3904 1263 3957 pos·

206 3965 254 4018 ubi
268 3968 319 4018 fuit
332 3970 441 4029 Jocasta
456 3983 482 4022 et
495 3989 562 4024 uxor
578 3981 603 4020 et
618 3982 709 4020 mater.
756 3988 793 4021 se.
812 3970 940 4018 Lacuna.

205 4049 336 4100 Lucrina.
793 4064 852 4098 220.
882 4046 941 4096 Oce.
962 4044 993 4095 Α.
1017 4045 1103 4098 veniet
1120 4044 1263 4116 suspectior

245 4128 303 4180 ²13.
324 4127 418 4183 lacero
433 4141 478 4181 tua
494 4130 575 4183 lustra
594 4128 709 4202 replevit.
756 4139 824 4181 etas.
836 4129 865 4178 In
877 4124 982 4176 duobus
995 4122 1073 4176 codd.
1083 4122 1195 4193 legitur:
1207 4142 1263 4194 spe·
