2616 4792
213 438 255 478 20
448 408 484 469 P.
510 407 545 468 P.
571 405 726 471 STATll
751 400 1025 472 THEBllnos

254 541 349 607 Saeva
359 532 444 601 adeo
451 528 601 624 conjux?
614 553 676 598 nec
687 545 721 598 te
732 527 862 597 telluris
871 547 1011 613 amatae,

255 648 460 739 Deceptique
471 641 551 710 laris
564 644 719 724 miseret,
733 642 954 736 cinerumque
966 649 1139 711 meorum?

256 763 352 839 Esto,
367 756 448 824 olim
459 754 604 820 invitum
613 749 781 844 jaculatus
794 750 942 819 nubibus
954 755 1086 844 ignem,

255 867 451 938 Credimus:
466 888 509 933 en
521 867 645 930 iterum
658 877 731 928 atra
745 860 851 928 refers
863 861 1018 929 incendia
1030 865 1143 947 terris,

205 981 207 985 ⁴
256 986 325 1049 Nec
335 960 789 1071 Stygejurata„nee'pellicis
800 987 871 1038 arte
883 989 1032 1064 rogatus.

254 1095 337 1178 Quis
350 1087 496 1156 modus?
506 1109 552 1152 an
563 1083 660 1151 nohis
673 1099 768 1176 pater
780 1086 953 1177 iratusque
965 1081 1144 1180 bonusque

255 1201 400 1269 Fulmen
412 1195 538 1265 habes?
553 1195 694 1262 sednon
705 1196 851 1261 Danaeia
862 1192 980 1260 limina
992 1193 1085 1278 talis,

256 1309 541 1401 Parrhasiumque
553 1329 690 1389 nemus,
703 1303 910 1397 Ledaeasque
922 1304 985 1372 ibis
998 1300 1164 1400 Amyclas.

257 1422 387 1491 Scilicet
396 1445 417 1488 e
428 1421 560 1488 cunctis
573 1441 634 1509 ego
647 1415 896 1509 neglectissima
907 1419 995 1484 natis

212 1662 270 1697 mus
279 1665 285 1694 ε
295 1641 495 1694 Exscindensne.
505 1643 598 1694 Forte:
609 1642 716 1694 Exscin·
747 1645 853 1715 jurata.
864 1642 945 1695 Sicuti
953 1655 1032 1707 tunc,
1043 1661 1123 1714 quum
1135 1640 1167 1694 ad
1178 1629 1270 1690 Seme·

211 1725 345 1776 dinetuas.
356 1721 492 1790 intellige,
505 1724 621 1793 patieris.
631 1723 714 1774 Gnos.
760 1722 804 1773 len
818 1723 913 1773 venisti
927 1740 988 1772 cum
1002 1721 1122 1773 fulmine.
1136 1751 1169 1762 -
1179 1711 1262 1772 I't’lffi

211 1833 248 1846 -
258 1801 427 1853 Exscindisne
438 1812 507 1864 tans,
519 1813 570 1851 etc.
581 1803 642 1851 Haec
655 1818 715 1850 cnm
760 1802 796 1853 eis
814 1813 868 1853 arte
886 1810 997 1873 rogatus.
1016 1800 1056 1851 De
1076 1798 1203 1851 hocloco
1221 1787 1254 1840 llll

211 1884 324 1938 Junonis
337 1882 439 1947 verbis,
459 1880 553 1950 Virgil.
569 1880 672 1933 AEneid.
688 1884 716 1945 l,
757 1892 953 1932 notatanostra
963 1878 998 1931 ad
1008 1879 1126 1951 Olympii
1134 1870 1254 1930 nemesu-

213 1960 247 2016 35
259 1981 331 2034 seqq.
348 1975 374 2013 et
385 1959 486 2012 AEneid.
500 1962 562 2025 Vll,
577 1977 627 2029 292
643 1979 715 2031 seqq.
761 1961 790 2010 ni
801 1957 883 2010 Laud.
896 1958 1014 2010 Herculis
1024 1977 1049 2008 v.
1061 1959 1093 2024 47
1103 1980 1110 2020 ;
1121 1963 1192 2010 Poet.
1203 1954 1250 2006 Lat·

206 2060 367 2114 ‘comparare
378 2042 589 2112 operaepretium
600 2053 718 2106 est‚ete-
762 2040 826 2089 Min.
840 2049 908 2089 nost.
926 2036 991 2088 edit.
1009 2040 1073 2088 tomi
1091 2039 1115 2099 1,
1129 2055 1189 2106 pag.
1201 2046 1250 2102 299·
1302 2044 1304 2051 '

211 2125 269 2176 nim
283 2141 315 2174 ex
332 2135 444 2191 utroque
463 2119 524 2171 loco
543 2119 639 2170 Bacchi
657 2120 717 2170 Jovi
763 2117 802 2167 De
817 2116 910 2166 Pelliee
922 2114 979 2165 vide
992 2134 1006 2166 a
1018 2114 1148 2167 Scradero
1160 2130 1255 2167 enarra*

213 2201 340 2274 supplicis
352 2204 449 2253 Noster
461 2199 540 2250 rerba
552 2198 634 2249 linxit.
653 2201 698 2249 En.
763 2210 791 2246 ta
805 2196 839 2246 ad
853 2196 924 2246 hunc
938 2195 1031 2246 Avieni
1043 2194 1133 2246 locum
1147 2196 1256 2263 Descrip.

252 2278 541 2352 157.Deaeptiquelaris
550 2279 657 2331 miseret.
666 2280 719 2328 No·
763 2276 827 2327 Orb.
842 2277 941 2339 Terrae,
955 2291 992 2325 vs.
1008 2275 1059 2341 204
1073 2286 1100 2325 et
1113 2294 1185 2347 seqq.
1203 2272 1257 2326 uSic

171 2414 178 2423 ,
212 2377 241 2415 ta
248 2361 358 2428 fabula,
371 2375 401 2413 ut
414 2359 516 2413 Semele
527 2358 620 2410 fraude
633 2362 719 2410 Juno-
762 2368 855 2427 pectus
866 2353 974 2404 canduit
982 2355 1036 2414 ira,
1047 2352 1149 2406 Pellicis
1158 2366 1185 2406 et
1193 2364 1260 2406 tanto

213 2443 255 2494 nis
269 2441 381 2512 decepta
393 2455 444 2506 est,
459 2459 542 2511 quum
557 2443 613 2509 ejus
630 2441 718 2491 consi·
763 2437 858 2487 Divam
876 2432 954 2484 dolor
969 2432 1062 2484 extulit
1079 2435 1172 2503 igni3»
1193 2435 1261 2486 Poet.

212 2517 250 2568 lio
263 2521 340 2588 petiit
349 2538 364 2568 a
373 2521 453 2581 Jove,
466 2531 495 2568 ut
507 2521 564 2588 ipse
576 2520 675 2568 veniret
685 2516 720 2567 ad
764 2513 849 2564 Latin.
868 2512 966 2563 Minor.
985 2523 1055 2562 nost.
1075 2511 1139 2564 edit.
1156 2525 1220 2565 tom.
1233 2513 1264 2580 V,

214 2612 259 2660 se,
281 2612 333 2664 qua
351 2596 488 2662 majestate
505 2593 608 2646 solebat
618 2594 657 2644 ad
670 2597 719 2644 Ju-
764 2610 827 2662 pag.
844 2591 900 2656 140.
919 2591 965 2642 En.

215 2690 322 2723 nonem.
801 2667 860 2720 161.
880 2670 925 2719 An
942 2671 1014 2723 nobis
1028 2682 1111 2741 pater,
1124 2686 1177 2724 etc.
1194 2673 1267 2726 Unus

254 2749 312 2802 158.
332 2749 403 2802 Olim
416 2750 525 2800 invitum
528 2746 665 2819 jaculatus
674 2767 720 2798 nn·
764 2748 856 2800 Behot.
872 2749 907 2799 ah
922 2752 1001 2801 nobis.
1185 2752 1188 2756 ⁴

217 2829 289 2882 bibus
302 2829 396 2901 ignem.
411 2830 479 2879 Dan.
495 2841 521 2878 et
537 2829 597 2878 Put.
615 2829 718 2879 invitae
800 2831 866 2894 162,
886 2831 942 2881 163.
963 2832 1082 2882 Danaeia
1101 2830 1204 2884 limina.
1221 2835 1270 2886 Be-

215 2907 308 2960 Behot.
319 2923 342 2974 1,
353 2908 439 2958 Petav.
450 2904 569 2976 plerique
580 2919 606 2957 et
615 2907 720 2957 Gerart.
766 2908 822 2960 hot.
836 2927 859 2975 1,
869 2910 988 2960 Danaeia
993 2932 1003 2970 ‚·
1014 2909 1106 2962 Belrot.
1120 2929 1147 2975 2,
1159 2912 1269 2965 Daneia.

208 2984 372 3060 jaculatam.
385 2984 451 3036 Vide
463 2984 580 3035 Gronov.
595 2985 673 3038 Obss.
687 2984 721 3036 ad
765 3020 801 3029 -
814 2990 934 3040 Danaeia
946 2987 1039 3039 limina
1052 2989 1124 3054 talis,
1138 2991 1272 3045 Parrhasi·

215 3067 264 3130 ΠΙ,
278 3064 338 3130 564.
351 3092 387 3102 -
396 3063 514 3114 Invitum
522 3062 658 3134 jaculatas
672 3083 720 3114 tta·
766 3086 862 3138 umque
870 3086 968 3133 nemas,
977 3067 1130 3140 Ledaeasque
1137 3070 1184 3124 iln's
1190 3070 1272 3142 Amy·

215 3143 287 3194 bibus
298 3144 395 3213 ignem.
407 3142 483 3209 AEgre
496 3142 565 3190 enim
577 3140 722 3194 indulserat
766 3142 827 3195 clas.
837 3146 954 3213 Respicit
966 3142 1085 3211 fabular,
1098 3146 1195 3218 quibus
1207 3148 1272 3199 dicl-

216 3220 460 3290 SemelaeJuppitcr‚
471 3232 502 3271 nt
512 3219 546 3270 ad
555 3240 612 3272 eam
621 3224 721 3274 veniret
767 3236 811 3273 tur
825 3225 947 3293 luppiter
962 3221 1055 3274 adiisse
1074 3225 1133 3275 loca
1151 3225 1189 3276 ibi
1204 3226 1272 3280 desl-

208 3319 279 3352 ¹cum
288 3302 340 3352 suis
350 3298 512 3368 insignibus,
522 3301 627 3372 vimque
636 3302 723 3353 Fulmi-
767 3314 846 3371 gnata
857 3339 864 3365 ,
888 3315 918 3353 ut
941 3317 1123 3373 corrumperet
1144 3305 1273 3373 Danaen,

216 3382 260 3461 nis.
271 3378 429 3430 diminuerat
444 3392 572 3450 quantum
588 3395 721 3450 potuerat.
768 3380 935 3450 Calystonem
945 3381 1073 3451 Lycaonis
1084 3382 1178 3448 filiam,
1190 3397 1216 3436 et
1224 3387 1274 3438 Le·

257 3459 314 3526 159.
334 3458 376 3507 En
389 3458 480 3507 iterum
490 3470 559 3522 atra,
571 3462 721 3530 etclllargo
768 3459 829 3510 dam
842 3461 957 3531 Tyndari
973 3479 1090 3512 uxorem.
1106 3491 1141 3500 —
1152 3465 1275 3518 Danaeia

217 3536 260 3588 e'd.
273 3533 360 3587 Barth.
378 3554 409 3585 en
427 3536 519 3586 iterata
537 3535 621 3606 refers.
633 3568 671 3578 —
679 3540 722 3589 En
769 3537 870 3591 limina.
879 3543 986 3611 Regiam
995 3544 1081 3593 Danai
1091 3543 1163 3614 apud
1173 3547 1275 3619 Argos,

218 3615 312 3668 iterum
319 3652 327 3680 ,
343 3626 393 3666 etc.
413 3612 497 3669 Semel
512 3614 621 3665 intulisti
641 3634 723 3686 quum
768 3617 795 3665 in
814 3619 889 3685 cujus
909 3631 980 3670 turre
999 3633 1102 3671 servata
1118 3623 1220 3676 Danae.
1239 3654 1276 3664 -

218 3694 321 3746 Semele
336 3693 520 3763 conflagravit,
539 3712 609 3744 nune
626 3696 722 3747 iterum
769 3694 850 3746 Talis.
859 3697 1276 3756 lofensus.--Parr}rasium.Ar·

218 3771 349 3824 relaturus
365 3791 401 3824 es.
769 3772 888 3840 cadium,
897 3794 913 3826 a
923 3776 1066 3828 Parrhasiis
1079 3780 1180 3849 oppido
1191 3783 1277 3835 Arca-

259 3850 316 3900 160.
336 3853 392 3903 Nee
402 3850 482 3921 Styge
486 3852 593 3921 jurata,
606 3861 655 3900 etc.
668 3849 724 3900 Nee
770 3850 827 3904 diae.
848 3883 883 3893 -
898 3855 983 3921 Silva,
1003 3859 1089 3927 inquit
1103 3861 1276 3930 Lactantius,

218 3929 316 3998 'Stygia
332 3929 374 3978 ed.
392 3927 569 3998 Lindenbrog.
587 3945 618 3978 ex
636 3944 724 3978 errore
769 3929 817 3980 ubi
830 3928 935 4002 Calysto
949 3950 965 3983 a
976 3935 1040 3984 Jove
1056 3953 1209 4006 compressa
1221 3953 1276 4008 est,

218 4024 378 4076 operarum,
396 4026 475 4078 quem
492 4026 609 4059 errorem
625 4024 725 4077 propa·
771 4027 827 4078 qnae
840 4022 933 4078 postea
946 4009 1036 4061 Helice
1049 4030 1146 4065 nomen
1160 4021 1276 4088 accepit.

213 4087 292 4157 gavit
305 4089 385 4140 etiam
396 4088 522 4142 Cruceus.
536 4091 636 4176 -Nec
645 4088 725 4160 Styge
810 4087 867 4152 164.
886 4089 1132 4159 Scilicetecuoctis‚
1142 4109 1194 4149 etc.
1208 4099 1278 4151 Vide
