2616 4792
460 392 601 454 LIBER
626 391 708 454 Vll.

24 544 31 553 ’
93 520 351 612 Concussitque
363 534 591 610 caput3motu
603 541 671 611 quo
683 517 772 585 celsa
781 520 937 588 laborant

95 629 238 711 Sidera,
249 628 504 722 proclamatque
516 628 603 695 adici
615 629 799 697 cervicibus
811 632 913 699 Atlas.

97 743 207 808 Tune
218 742 265 808 ita
275 739 563 831 velocemTegees
576 738 701 806 affatur
712 740 905 808 alumnum:
1094 756 1109 808 5

159 881 172 910 «ι
187 855 220 932 Ι,
232 849 384 917 medium
397 847 516 942 rapido
526 852 654 915 Borean
666 847 803 916 illabere
816 849 902 917 saltu

102 962 274 1028 Bistonias
286 983 390 1052 super
401 982 510 1053 usque
522 957 656 1041 domos,
672 983 838 1054 axemque
850 964 960 1029 nivosi

106 1069 232 1138 Sideris
245 1097 254 1152 3
267 1075 401 1139 Oceano
412 1072 553 1137 vetitum
565 1092 632 1162 qua
643 1069 940 1162 Parrhasisignem

109 1181 265 1248 Nubibus
276 1180 438 1273 hybernis
451 1194 485 1246 et
497 1194 613 1256 nostro
624 1182 773 1272 pascitur
785 1180 894 1247 imbri.

112 1297 220 1386 Atque
232 1293 279 1359 ibi
292 1317 351 1359 seu
363 1292 473 1384 posita
484 1293 629 1384 respirat
640 1291 779 1382 cuspide
791 1296 942 1373 Mavors,
1082 1325 1125 1359 ιον

104 1475 125 1530 3.
146 1481 326 1554 concussitque
340 1493 431 1553 caput,
446 1495 496 1535 etc.
509 1484 568 1534 Vir·
612 1483 749 1555 reamque)
760 1482 876 1534 illabere.
889 1480 978 1534 Codex
988 1479 1114 1532 buslidia·

54 1553 112 1618 ssll·
125 1559 227 1611 AEneid.
242 1562 283 1627 X,
299 1561 361 1614 115:
378 1585 390 1609 a
400 1576 485 1615 totum
498 1577 566 1616 nutu
612 1581 677 1628 nus,
691 1562 799 1632 duoque
815 1562 921 1631 optimi:
938 1561 1060 1610 «Borean
1072 1561 1114 1610 in·

59 1635 211 1690 tremefecit
229 1640 403 1713 Olympum.»
424 1643 490 1695 Vide
509 1661 567 1713 quse
613 1640 706 1693 labere.
722 1640 813 1693 Caeteri
828 1657 935 1711 quoque
945 1639 1003 1690 lere
1014 1640 1118 1690 Borean⁴

54 1713 100 1765 {ld
117 1716 189 1770 bunc
210 1718 298 1771 locum
315 1720 348 1772 de
367 1735 470 1774 tumore
492 1724 568 1792 Papi·
614 1720 725 1773 illabere.
746 1721 802 1771 Nec
822 1721 917 1770 mutari
935 1717 986 1769 hoc
1006 1718 1114 1771 verbum

55 1797 147 1849 hiano
158 1798 300 1863 dicuntur3
312 1817 381 1852 nost.
394 1803 434 1854 ed.
449 1816 513 1854 tom.
523 1803 567 1868 lv,
612 1801 713 1871 patitur
721 1795 748 1850 ri
758 1798 880 1849 medium.
891 1799 960 1848 Bene
972 1799 1078 1868 penitus
1089 1799 1119 1846 in

50 1884 124 1945 pag.
142 1879 181 1931 18.
192 1879 270 1930 Cous.
283 1882 361 1931 etiam
372 1880 468 1933 Catull.
480 1882 566 1933 Carni.
612 1880 841 1952 septemtrionem.
860 1879 977 1930 Gronov.

49 1946 159 2022 lxiii,
175 1959 226 2025 204
238 1959 335 2013 etaoi.
355 1963 400 2012 En.
649 1979 673 2031 7.
693 1959 821 2012 Bistonias
834 1977 910 2030 super
924 1957 1114 2031 usquedomos.

100 2035 126 2102 4.
138 2037 371 2113 Proclamatquea.
381 2061 403 2092 c.
412 2041 494 2093 Altos.
502 2043 566 2112 Reg.
613 2043 675 2111 fleg.
684 2043 718 2106 B,
731 2039 860 2093 Bistonius
867 2055 1020 2110 puerosque
1030 2035 1123 2088 domos
1146 2070 1149 2079 ι

48 2110 95 2180 Β,
111 2112 226 2170 Attilam
239 2117 353 2172 exhibet.
365 2148 404 2161 -
414 2120 501 2172 Adici.
516 2124 567 2173 Pro
612 2118 705 2182 babet;
726 2120 788 2189 Reg.
809 2118 845 2180 C,
858 2127 925 2168 nost.
942 2114 1003 2166 lect.
1018 2115 1063 2164 En.
1081 2142 1120 2155 -—·

52 2193 159 2264 adjici:
174 2210 199 2248 et
212 2196 323 2268 supple,
338 2199 444 2269 pondus
459 2199 567 2270 aliquod
612 2199 749 2254 Bistonias.
770 2198 909 2264 Thracias,
931 2215 947 2247 a
966 2194 1117 2246 bistonibus

54 2287 183 2340 novum,
194 2291 220 2327 et
232 2277 282 2328 sibi
293 2278 468 2331 intolerabile.
478 2279 569 2330 Plures
613 2281 730 2332 'l'hraciae
744 2277 861 2349 populis.

52 2353 198 2420 ejusmodi
212 2355 331 2409 detectus
348 2370 410 2409 sunt
425 2360 453 2407 in
470 2358 568 2421 Statio,
650 2359 675 2410 8.
698 2359 800 2409 Oceano
815 2355 921 2406 vetitum
936 2373 988 2426 qua
1001 2352 1119 2404 Parrba-

56 2435 109 2502 qui
132 2433 321 2489 obscuritatem
343 2435 512 2487 induxerunt.
534 2465 569 2474 —-
614 2438 645 2488 sis
659 2438 754 2509 ipnem.
770 2436 833 2504 Reg.
849 2436 882 2498 B,
899 2431 1034 2483 Phanotis
1047 2429 1117 2481 exhi·

55 2511 148 2564 Atlas.
163 2512 238 2566 Atlas
254 2515 345 2567 caelum
360 2517 428 2567 ferre
445 2514 568 2566 creditus.
613 2512 1120 2584 bet;Reg.C,Parrasis.En.-Oceauo

56 2587 132 2642 vide
144 2591 230 2645 Theb.
246 2596 272 2659 l‚‘
285 2613 319 2664 99
334 2608 360 2646 et
374 2607 466 2645 notata
480 2593 514 2643 ad
529 2612 567 2645 vs.
614 2597 729 2646 uetitum.
747 2592 860 2664 Supple,
876 2591 965 2660 mergi.
979 2589 1045 2641 Vide
1060 2608 1117 2660 quae

65 2669 99 2722 ¹5
110 2669 185 2721 Cassii
192 2673 302 2722 Taurini
308 2675 370 2724 Voti
376 2674 497 2723 Fortunae
504 2673 570 2723 Prae·
614 2675 725 2726 diximus
735 2673 769 2725 ad
778 2673 862 2726 Theb.
873 2673 920 2738 Ill,
933 2671 1000 2737 684,
1012 2667 1079 2736 685,
1092 2682 1118 2720 et

62 2754 192 2812 nestinae3
212 2752 286 2802 Poet.
306 2753 392 2804 Latin.
412 2751 477 2801 Min.
499 2763 568 2804 nost.
614 2757 733 2827 inprimis
742 2756 887 2806 Exeursum
897 2751 931 2803 ad
941 2750 1040 2802 calcem
1051 2753 1120 2820 ejus·

66 2823 129 2877 edit.
143 2840 207 2878 tom.
220 2828 269 2893 lll,
281 2847 342 2899 pag.
355 2829 415 2899 317.
434 2830 480 2879 En.
615 2834 675 2886 dem
695 2836 765 2886 tertii
781 2832 858 2898 libri,
876 2830 1032 2902 praecedent.
1052 2843 1116 2882 tom.

103 2906 127 2960 5.
143 2909 237 2979 Tepees
248 2908 396 2961 alumnum:
409 2911 568 2962 Mercurium
614 2916 704 2985 pagio.
713 2912 774 2965 365.
782 2915 829 2964 En.
839 2941 873 2951 -—
881 2911 1023 2962 Parrhasis.
1035 2913 1116 2970 Ursa,

70 2984 205 3037 Arcadem.
218 2990 307 3058 Tegea
326 2990 395 3040 enim
412 2988 475 3040 urbs
489 2990 570 3040 Arca·
615 2993 687 3044 sidus
700 2989 928 3062 septemtrionale‚
941 2990 968 3039 in
979 2987 1052 3060 quod
1063 3007 1123 3039 mu·

72 3062 134 3129 dia,
158 3066 230 3118 bello
254 3066 390 3137 quondam
411 3067 500 3134 clara,
525 3068 571 3120 ubi
616 3065 669 3123 tata
691 3072 797 3144 Calysto
815 3071 943 3142 Lycaonis
965 3067 1035 3119 lilia:
1062 3085 1118 3138 quae

74 3144 156 3197 Achaei
176 3159 322 3198 conventus
341 3147 485 3218 aliquando
508 3166 570 3217 ege·
615 3150 748 3204 Parrhasis
762 3149 859 3201 dicitur
876 3167 890 3199 a
906 3145 1050 3198 Parrhasiis
1066 3164 1125 3215 pom

75 3240 143 3294 nint,
164 3246 246 3297 quum
266 3227 389 3280 adversus
405 3227 570 3281 Lacedaemo·
616 3229 686 3301 pulis
700 3242 726 3282 et
741 3226 841 3298 oppido
856 3225 983 3277 Arcadiae.

76 3306 126 3357 nios
138 3307 238 3358 bellum
250 3320 378 3376 gererent.
389 3308 460 3378 Virg.
473 3310 570 3378 Georg.
652 3327 678 3378 9.
708 3309 826 3361 Nubibus
849 3305 970 3376 hybernis
989 3316 1014 3354 et
1034 3315 1122 3354 nostro

76 3381 97 3445 l,
112 3386 157 3437 18:
174 3409 185 3432 u
196 3385 288 3452 Adsis,
300 3406 316 3438 ο
326 3388 434 3457 Tegeaee
446 3388 546 3439 favens.
557 3410 568 3434 n
614 3387 730 3457 pascitur
736 3387 812 3438 imbri
816 3408 826 3447 ,·
834 3382 890 3436 scil.
899 3382 996 3434 caelesti
1002 3380 1121 3450 liquore,

77 3459 139 3513 Hod.
163 3463 266 3516 Mollia
291 3463 333 3516 vel
357 3464 572 3536 Peleo-Tripo-
617 3485 672 3517 non
683 3467 799 3531 marino,
813 3477 843 3515 ut
857 3476 947 3514 caetera
963 3458 1064 3523 sidera,
1079 3474 1119 3508 se·

78 3535 145 3592 lizza.
164 3544 211 3593 En.
617 3543 734 3596 cundum
763 3545 915 3614 opinionem
942 3534 1119 3612 quorumdam

106 3619 131 3670 6.
150 3621 270 3672 Mediam
286 3623 376 3693 rapido
394 3623 495 3675 Borean
511 3622 573 3675 illa·
617 3623 859 3695 Philosophorum,
883 3623 929 3692 qui
951 3615 1120 3669 affirmabant

78 3696 129 3748 bere
143 3697 220 3750 saltu.
237 3700 319 3770 hang.
338 3713 364 3752 et
379 3699 502 3752 nonnulli
518 3702 572 3753 Bo·
618 3703 701 3755 solem
709 3722 739 3754 ac
748 3702 835 3754 sidera
846 3703 920 3772 aquis
928 3698 1118 3766 Oceani'pasci.

76 3795 192 3850 namque
202 3777 302 3831 elabere
311 3780 378 3832 saltn
384 3783 472 3842 ‚·Dan.
483 3783 570 3832 Petav.
657 3801 696 3834 io.
715 3782 801 3852 Atque
817 3781 854 3831 ibi
866 3797 910 3829 seu
924 3775 1018 3847 posita.
1035 3774 1121 3845 Atque

76 3856 212 3925 Bernartii‚
240 3859 321 3910 Plant.
345 3859 523 3930 Lindenbrog.
548 3871 574 3910 et
617 3861 662 3912 ubi
672 3879 764 3929 margo
780 3859 822 3910 ed.
839 3855 926 3908 Barth.
943 3852 1119 3906 Alddcolin.

76 3935 180 3988 Amstel.
196 3938 357 4008 Boreamque
373 3938 479 3990 illabere
495 3937 572 3990 saltn.
619 3936 1047 4009 etBasil-Atqueubiseposita.
1057 3935 1121 3984 Pau-

72 4011 195 4069 Nostram
218 4016 358 4067 lectionem
379 4015 485 4068 exhibet
505 4018 574 4084 opti·
618 4014 1122 4085 xillamenda‚quamulieuamaPoeta

77 4111 131 4146 nus
146 4096 313 4148 Barthianus.
332 4127 367 4136 -
385 4099 487 4150 Borean
504 4095 573 4165 (Bo-
620 4108 707 4146 menta
722 4095 880 4148 senteutiam
893 4091 990 4147 efficit!
1006 4089 1067 4140 libri
1078 4108 1123 4141 cas
1219 4159 1224 4165 ο
