2616 4792
437 361 484 425 Ll
491 359 586 424 BER·
602 359 685 424 vll.
1037 356 1080 446 37

66 485 199 569 Laeva,
213 501 265 555 ter
274 487 388 554 insuto
400 501 590 554 servantem
602 483 852 575 ingentioferro

66 597 239 664 Pectora:
253 622 333 665 nam
344 613 437 688 tergo
449 618 625 690 nunquam
636 609 766 661 metus:
780 593 875 661 hasta
887 605 1059 661 vetustum

69 703 248 774 Silvarum
259 707 379 790 decus,
393 711 524 775 emissae
536 707 590 773 cui
601 704 717 796 pervia
729 727 862 795 semper

71 818 268 912 Armaque,
281 834 486 912 pectoraque
497 833 530 884 et
541 839 721 908 nunquam
732 839 854 883 manus
865 814 1047 881 irritavoti.

77 928 211 1018 Asopos
224 929 380 1020 genuisse
391 923 707 1018 datur‚dignusque
719 921 825 992 videri
1029 941 1080 994 315

37 1172 47 1183 ἢ
71 1105 128 1163 311.
150 1111 537 1184 Terinsutoservanteminqen·
583 1125 630 1180 19:
647 1106 830 1175 «sedamen,
841 1109 1083 1180 isteDeusquisit,

13 1177 76 1229 ²²⁰
84 1185 165 1254 ferro.
177 1190 260 1262 Lan'g.
277 1191 375 1245 Buslid.
390 1189 493 1243 Behott.
513 1207 535 1257 i,
580 1189 630 1255 da,
639 1191 741 1260 Tityre,
753 1187 840 1240 nobis.
851 1210 863 1234 ι
878 1189 969 1239 Horat.
984 1187 1030 1242 lib.
1043 1193 1083 1258 11,

17 1261 41 1334 3
55 1292 71 1321 s
83 1265 156 1321 Aldu.
168 1270 288 1342 plerique
301 1284 328 1324 et
338 1271 421 1324 Amst.
435 1280 538 1325 seruant
578 1267 751 1334 sat‚vl11‚4:
763 1290 774 1316 ι
784 1269 838 1333 Da,
848 1269 870 1320 si
877 1286 957 1338 grave
965 1288 1019 1321 non
1028 1283 1083 1339 est,

15 1340 157 1412 ‘nqeue
175 1351 233 1401 Nic.
249 1352 371 1403 Heinsius
385 1350 402 1402 l.
418 1348 436 1402 l.
455 1349 534 1421 legit:
585 1350 649 1416 Quae
661 1350 747 1420 prima
761 1349 858 1399 iratum
867 1360 984 1400 ventrem
996 1349 1084 1420 plecc-

14 1418 134 1477 Sernaus
152 1428 277 1499 inperitia.
297 1459 333 1470 -
350 1431 413 1498 Reg.
431 1431 466 1493 B,
483 1445 536 1480 ser·
579 1430 646 1480 verit
655 1447 746 1480 esca.»
760 1425 1021 1491 ClaudianXXXVl
1027 1429 1083 1496 ,de
1138 1432 1141 1436 ’

14 1498 230 1570 υαηειινὴώεῑς
242 1509 304 1577 Reg.
314 1507 350 1574 C,
360 1516 469 1560 seruant.
487 1505 534 1557 En.
579 1507 668 1576 Raptu
679 1508 752 1557 Pros.
764 1503 810 1557 lib.
821 1506 870 1572 111,
882 1524 907 1556 v.
920 1505 972 1576 337
985 1529 991 1558 ε
1008 1502 1083 1561 tillio

13 1583 77 1614 χ
88 1579 133 1632 Ter
141 1583 228 1639 insuto
238 1585 470 1658 servantinqentia.
481 1586 535 1652 Qui
579 1585 702 1655 posuisse
724 1595 869 1635 cruentam.
886 1584 987 1655 AEgidav
999 1587 1084 1656 cupti-

12 1651 82 1708 vel
99 1681 216 1733 quasnam
234 1667 353 1718 servunt?
369 1667 429 1735 lpse
443 1666 535 1738 utique
579 1681 693 1735 vamque
706 1676 784 1734 pater
796 1663 1083 1738 postprreliapraedam

58 1753 153 1809 ypseus
168 1743 264 1795 dicitur
278 1743 330 1795 late
344 1734 467 1794 umbrare
482 1741 536 1792 cel·
579 1734 822 1793 Advenisse'datur.
835 1766 846 1789 n
861 1741 907 1796 En.
923 1773 958 1784 -
970 1745 1084 1817 Diqnus·

12 1819 82 1870 ⁸0⁸
104 1822 294 1895 quadrijugos-v,
316 1826 374 1896 ipse
395 1824 458 1875 laeva
481 1826 538 1875 sive
579 1839 631 1892 que
645 1821 727 1873 videri
739 1822 815 1873 Tunc
828 1834 912 1894 pater.
928 1824 1015 1877 Tanto
1027 1829 1085 1879 eni·

13 1891 138 1953 Sinistra
155 1906 275 1976 corporis
294 1905 396 1976 clipeo,
410 1906 468 1975 ipse
486 1922 536 1975 pc·
579 1918 623 1951 mo
636 1913 693 1952 erat
704 1901 838 1972 Hypseus,
853 1912 996 1974 tantosque
1009 1908 1085 1976 spiri-

13 1982 94 2031 etus
101 1983 234 2034 terinsuto
242 1984 325 2050 ferro,
336 2001 383 2036 seu
394 1983 477 2035 lorica
488 1985 536 2034 tri·
579 1991 622 2030 tus
640 1977 774 2045 habebat,
793 1991 822 2029 ut
838 1980 944 2053 Asopos
963 1994 1027 2034 tunc
1043 1983 1085 2036 di·

14 2039 81 2108 liei
102 2079 214 2114 servare«
235 2064 304 2134 Ergo
325 2074 371 2114 aut
393 2073 477 2116 servat
496 2074 537 2114 est
579 2077 653 2129 gnus
666 2058 736 2111 illius
755 2072 831 2129 pater
843 2059 982 2125 rideatur3
1001 2083 1084 2136 quum

21 2137 223 2208 scribendum,
240 2154 300 2207 aut,
322 2141 344 2192 si
359 2138 413 2191 hoc
431 2149 535 2192 c'aesurae
580 2142 656 2212 aquis
668 2139 784 2207 inflatur,
801 2151 847 2192 cut
858 2159 939 2212 quum
951 2144 1024 2212 justo
1036 2144 1083 2196 do-

21 2220 294 2285 negamervantem.
313 2222 431 2272 Gronov«
579 2218 635 2272 lore
651 2220 770 2292 percitus
789 2220 849 2271 Jori
867 2218 967 2271 bellum
985 2222 1082 2276 intulit.

73 2294 130 2348 312.
143 2297 216 2349 Nam
225 2309 435 2370 terqonunquom
443 2311 534 2351 metus.
578 2299 685 2370 Asopus
700 2300 770 2350 enim
785 2311 887 2369 raptam
902 2317 918 2349 a
929 2301 992 2352 Jove
1003 2300 1082 2353 filiam

30 2359 94 2422 Sive
111 2375 173 2444 quia
190 2394 329 2447 nunquam
345 2376 464 2446 fugiebat
481 2377 535 2447 Hyr
580 2389 632 2428 tam
647 2397 715 2448 aegro
730 2379 819 2430 animo
832 2374 905 2443 tulit,
920 2390 950 2428 ut
964 2381 1084 2434 concitas

35 2457 129 2517 pseus,
147 2451 210 2504 hinc
225 2472 356 2525 nusquam
374 2466 460 2505 metus
476 2453 536 2504 vul.-
579 2475 662 2528 aquas
673 2459 701 2510 in
713 2457 806 2508 caelum
819 2453 957 2508 sustollere
967 2469 1083 2510 tentave-

41 2535 99 2580 ¹¹era
118 2550 197 2603 posse
219 2545 293 2602 tergo
315 2535 453 2604 accipere,
477 2551 534 2603 quae
578 2537 625 2603 rit,
643 2549 751 2589 utrum
768 2537 833 2589 Jove
849 2535 1016 2606 confligeret,
1036 2539 1082 2590 sed

39 2611 252 2683 *eranttndecorn
263 2614 535 2685 sivequiavetusmos
579 2634 720 2687 percussus
735 2613 845 2667 fulmine
859 2617 1082 2687 temeritatis‘poe-

48 2696 107 2754 stat,
116 2704 145 2741 ut
155 2690 239 2743 lorica
251 2692 304 2744 nisi
313 2705 407 2763 pectus
421 2704 534 2761 tegeret,
578 2714 625 2748 nas
635 2695 691 2747 luit.
702 2698 835 2764 Tetigerat
845 2708 871 2745 et
880 2693 951 2746 hanc
959 2694 1094 2747 ¹fabulam·

50 2760 228 2822 attollendam
241 2788 316 2841 spem
330 2771 400 2841 fugae
413 2789 534 2842 pugnan-
578 2774 753 2828 Callimachus
769 2777 872 2847 Hymno
888 2777 916 2826 in
932 2774 1027 2827 Delum
1041 2793 1079 2827 vs.

52 2840 120 2915 libus,
137 2848 200 2902 alias
214 2853 373 2921 expositoris
392 2864 465 2922 terga
482 2870 533 2902 nu·
577 2871 626 2924 77,
639 2868 666 2906 et
681 2855 730 2924 78:
743 2854 773 2905 ‘0
790 2852 819 2902 ὓ
829 2849 1010 2907 tinctamque
1026 2851 1081 2906 im-

55 2918 100 2979 hta
118 2932 316 3003 insequentibus
340 2931 471 2984 hostibus.
496 2962 532 2971 —
577 2933 627 2986 stru
641 2930 748 2988 'Acerris
761 2930 912 2999 βαρύγουνον
928 2930 980 2982 r'ml
996 2928 1080 2985 omri·

55 2999 115 3059 Hasta
124 3021 250 3063 vetustum
261 3010 394 3063 Silvarum
406 3011 490 3062 decus.
502 3008 531 3061 ld
576 3027 648 3063 >mu
662 3012 769 3080 nspuurqi.
783 3012 944 3082 Sequebatur
955 3021 982 3063 et
995 3011 1079 3065 multo

56 3095 92 3149 est,
103 3085 176 3139 hasta
188 3089 311 3149 confecta
323 3100 379 3139 erut
391 3107 422 3140 ex
435 3088 531 3140 arbore
574 3103 633 3162 post
643 3093 743 3161 Asopos
760 3089 920 3162 tardiqradus
926 3112 936 3150 ;
953 3092 1077 3163 quoniam

56 3174 95 3228 que
107 3182 158 3219 erat
173 3167 237 3218 olim
251 3166 331 3220 decus
345 3167 477 3220 silvarum.
570 3170 685 3241 foedatus
694 3170 881 3241 eratfulmr'ne.
891 3169 933 3219 Ad
946 3188 1024 3240 quem
1036 3167 1079 3220 lo·

79 3241 532 3320 314.Amaaquepectoruqueetnun-
575 3267 636 3298 cum
653 3262 727 3300 vetus
745 3245 898 3299 Callimachi
917 3245 1076 3300 Scholiastes

55 3335 113 3386 quam
127 3344 219 3380 manus
232 3326 305 3379 irrita
319 3327 379 3378 voti.
397 3325 531 3399 Amoque
573 3324 629 3378 haec
644 3327 741 3379 habet:
758 3324 823 3376 Ἐπιὶ
836 3323 877 3379 cir
896 3322 1016 3395 θυγατέρα
1030 3325 1077 3376 ei-

55 3413 187 3477 ttrporuque
200 3403 321 3456 nonnulli
335 3403 484 3471 Barthiani,
503 3420 529 3458 et
574 3405 617 3458 roi
625 3404 719 3472 Αἴγιναν
728 3403 863 3474 ripuepiret
875 3401 920 3455 riri
933 3402 983 3459 Διδς
996 3401 1077 3470 cinip-

54 3475 132 3534 leuen.
153 3483 284 3553 probante
306 3481 433 3546 Barnun,
458 3484 528 3536 irrita
573 3500 635 3550 ysius
648 3482 755 3549 Σὶσυφος·
772 3481 783 3533 i
795 3481 821 3535 li
832 3484 918 3553 ἤρξατο
930 3484 1016 3536 leantur
1028 3483 1076 3534 ari-

54 3567 102 3610 uu.
113 3559 179 3611 Dan.
198 3563 286 3612 Petav.
305 3560 481 3630 lindenbrog.
502 3576 528 3614 et
571 3561 621 3617 ris.
636 3561 688 3618 Ζιὺς
700 3566 728 3614 li
741 3562 851 3631 ipprolric
867 3559 1016 3631 imperivm
1028 3561 1076 3612 ati-

53 3631 109 3688 lluc.
121 3669 156 3678 -
173 3641 254 3709 Regg.
273 3641 293 3690 B
309 3652 335 3692 et
349 3640 385 3706 C,
397 3638 528 3713 Armaque
571 3641 618 3695 rii.
630 3666 640 3689 a
650 3645 739 3711 Quum
749 3644 799 3713 ipsi
807 3642 936 3693 nuntiavit
946 3637 1074 3710 Sisyphus

51 3727 185 3792 corporaque
199 3718 332 3772 exhibent.
348 3722 395 3771 Eo.
406 3750 443 3760 -
452 3722 527 3774 Nuu-
572 3722 651 3773 illium
663 3723 719 3791 ejus
731 3722 850 3792 AEginm
864 3739 877 3768 a
890 3720 955 3769 Jove
969 3729 1073 3787 raptum

49 3797 454 3865 qummanusinitnvoti.1dvest‚
463 3819 533 3855 nun,
572 3804 665 3864 fuisse;
678 3801 721 3852 ille
732 3815 818 3853 autem
827 3799 897 3849 hanc
907 3799 1009 3869 insequi
1020 3817 1072 3850 cue-

48 3887 110 3940 qutrn
121 3877 253 3929 frustrata.
571 3881 620 3950 pit.
633 3879 709 3930 Unde
718 3881 733 3928 J
737 3880 840 3949 uppiter
849 3878 932 3928 iratus
941 3873 1013 3927 huuc
1020 3877 1072 3929 ful-

71 3954 124 4009 315.
134 3957 226 4015 Datur.
234 3950 284 4007 Pro
292 3957 393 4012 dicitur.
401 3959 531 4029 Darepro.
571 3960 640 4010 mine
648 3958 782 4028 percussit.
792 3979 802 4002 n
812 3954 917 4005 Fluvios
925 3966 1013 4005 autem
1020 3957 1070 4006 iste

10 4080 13 4091 ‚
42 4033 109 4089 dicere
122 4051 235 4096 sumtum
242 4037 333 4107 virgil.
347 4038 426 4090 Bucol
438 4039 525 4104 Ecll,
571 4038 680 4090 Plataeas
692 4051 717 4087 et
728 4037 873 4105 Tanagram
886 4033 1045 4102 praeterlluit.
