2616 4792
531 110 674 173 LIBER
698 110 794 174 vll.-

176 243 225 305 Da
237 235 354 304 sedem
365 236 509 328 profugo
523 261 529 301 :
543 237 653 328 potuit
665 237 808 315 latonia
817 237 920 306 frater

177 350 277 431 saxa,
290 370 355 414 neo
367 347 516 431 invideo,
529 346 675 440 defigere
687 344 859 430 Delon,·et
870 351 945 416 imis

176 456 421 525 Commendare
432 457 527 526 fretis
540 484 547 523 :
561 482 639 525 cara
651 457 821 526 submovit
831 458 874 526 ab
887 482 963 526 arce

176 567 324 636 Hostiles
335 570 484 657 Tritonis
497 592 602 662 aquas
615 594 622 634 :
636 566 704 636 vidi
716 570 789 661 ipse
800 584 976 660 potentem
1013 628 1015 635 .
1132 585 1178 637 185

176 679 340 749 Gentibus
351 682 429 746 Eois
441 679 622 773 Epaphum
633 678 713 748 dare
722 676 819 771 jura;
832 704 896 749 nec
906 680 994 749 ullas

176 788 313 882 Cyllene
326 806 453 857 secreta
466 789 564 856 tubas
577 791 732 857 Minoave
745 805 841 858 curat

177 900 237 967 Ida
248 926 255 966 :
268 900 351 994 quid
362 899 431 966 heu
442 915 575 967 tantum
586 902 711 967 nostris
723 900 904 969 offenderis
917 904 1006 968 aris?

176 1013 238 1078 Hic
250 1010 329 1093 tibi,
342 1008 478 1103 quando
489 1012 602 1077 minor
609 1006 681 1102 jam
692 1026 809 1079 nostra
821 1013 988 1103 potentia,
999 1028 1117 1080 noctes

170 1194 225 1248 182.
237 1196 280 1246 Da
291 1184 375 1247 sedem
386 1194 507 1270 prosuyo.
520 1195 562 1247 Da
569 1214 635 1266 pro-
677 1213 737 1246 cum
748 1195 833 1267 Apide
845 1217 851 1247 ε
864 1194 917 1247 hoc
930 1198 1009 1249 etiam
1023 1197 1095 1269 legas
1108 1200 1181 1270 apud

116 1271 194 1344 fuyo
207 1273 294 1325 sedem
305 1292 374 1325 unus
390 1273 483 1325 Behot.
495 1305 530 1314 -
541 1275 634 1326 Potuit
677 1272 808 1326 AElianum
820 1273 865 1325 lib.
878 1277 931 1338 xl,
945 1277 1106 1330 Animalium
1119 1297 1178 1350 cap.

127 1351 239 1405 latonia
246 1355 347 1426 frater,
358 1368 408 1407 etc.
424 1355 562 1426 Virgilium
573 1356 631 1406 imi·
680 1368 719 1404 ro.
735 1351 817 1402 Addit
826 1372 890 1404 vero
900 1355 1035 1426 AEgyptios
1045 1354 1118 1407 hunc
1129 1375 1180 1409 ser·

129 1441 200 1483 tatur
211 1433 314 1485 AEneid.
327 1437 354 1499 1,
366 1434 418 1502 39:
434 1434 575 1485 “Pallasne
588 1453 632 1485 ex·
676 1449 783 1483 monem
802 1432 935 1498 aversari,
956 1444 986 1483 ut
1006 1433 1179 1498 mendacem,

132 1525 205 1564 urere
216 1512 631 1583 classem,etc.»Exaggerathic
677 1513 740 1581 quia
760 1510 888 1581 Epaphus
909 1511 997 1565 multis
1017 1525 1081 1584 post
1101 1517 1179 1587 Apim

137 1589 195 1658 quid
211 1591 255 1643 alii
271 1593 366 1643 fratres
382 1594 438 1657 sui,
455 1605 480 1644 et
498 1594 545 1644 lilii
557 1595 631 1645 lovis
676 1591 777 1643 saeculis
792 1593 915 1643 extiterit.

137 1665 239 1721 fecerint
258 1684 284 1722 ct
302 1673 453 1741 potuerint,
473 1685 498 1723 et
517 1690 574 1744 quae
595 1668 630 1722 ab
714 1671 772 1741 187.
800 1669 909 1740 Cyllene
926 1681 1021 1723 secreta
1038 1672 1110 1724 tubas
1126 1674 1181 1723 Mi·

98 1808 101 1813 ·
142 1743 191 1814 ipso
200 1749 265 1801 love
277 1751 484 1820 impetraverint.
675 1768 758 1801 nonve
765 1761 845 1802 curat.
857 1750 976 1821 Cyllenes
983 1750 1075 1806 Behot.
1086 1769 1112 1815 1,
1123 1752 1181 1823 Cyl-

174 1826 224 1878 183.
238 1828 336 1881 Delon.
350 1828 430 1880 Delos
442 1847 513 1880 nunc
523 1827 631 1895 Sdilles,
677 1829 734 1881 lene
756 1848 844 1882 secura
872 1833 989 1901 optimus
1014 1830 1179 1884 Barthianus.

145 1899 214 1957 usila
225 1908 294 1958 inter
305 1906 448 1978 Cyclades,
462 1927 541 1978 quam
554 1908 632 1960 stabi·
675 1909 810 1962 Minoiave
819 1908 923 1960 Behott.
938 1925 966 1974 1,
979 1926 1002 1961 2.
1013 1939 1049 1948 -
1063 1910 1178 1980 Cyllene.

129 2022 132 2031 .
147 1976 185 2032 lem
197 1984 310 2038 reddidit
324 1987 421 2057 Apollo
440 2010 445 2038 :
469 1987 565 2038 dicitur
579 1988 632 2038 La·
675 1988 754 2040 Mons
766 1989 885 2042 Arcadia¹
892 1991 920 2040 in
929 1991 1116 2058 cujussummo
1124 2010 1180 2042 ver-

148 2061 289 2129 ouasaxa,
306 2064 631 2135 quiainhacinsulaLa-
676 2068 728 2118 tice
749 2066 818 2120 aedes
845 2081 884 2120 est
909 2069 1036 2119 Mercurii
1059 2067 1177 2140 Cyllenii.

147 2145 195 2192 tona
206 2146 308 2214 peperit
318 2145 469 2216 Apollinem
477 2157 503 2196 et
510 2147 630 2196 Dianam.
675 2145 754 2196 Nunc
768 2146 883 2198 Tricam.
893 2145 940 2198 Eo.
952 2174 988 2186 -
998 2145 1123 2200 Minoave
1132 2167 1179 2200 cte·

174 2221 223 2288 184.
233 2226 418 2277 Commendare
420 2224 507 2295 fretis.
515 2225 535 2274 l.
545 2224 630 2274 aimo
676 2234 725 2276 rat.
740 2224 828 2276 Minos
848 2237 874 2275 et
890 2222 1090 2278 Rhadamantus
1107 2228 1179 2280 lovis

147 2301 208 2352 naris
224 2302 311 2353 fundo
329 2302 444 2374 alligare.
465 2305 541 2356 Ficta
561 2304 629 2357 onim
676 2317 701 2355 ct
713 2305 826 2376 Europae
837 2303 899 2370 filii,
912 2304 1075 2357 Cretensium
1086 2325 1176 2377 reges:

146 2383 236 2448 proprie
250 2385 331 2433 maria
344 2383 481 2445 dicuntur,
498 2403 554 2454 quae
565 2397 630 2436 aestu
675 2383 721 2435 sed
735 2397 764 2434 ut
779 2383 903 2436 conciliet
916 2384 1009 2436 lovem
1020 2385 1048 2435 in
1060 2404 1178 2438 amorem

145 2458 221 2524 rapido
240 2462 341 2514 vicinas
361 2476 445 2515 terras
465 2463 627 2514 interfluunt.
673 2462 841 2529 Thebarum,
854 2477 982 2515 memorat
995 2477 1061 2534 quot
1073 2478 1099 2516 et
1112 2485 1178 2536 quas

145 2539 240 2591 *Cora
250 2542 283 2591 ab
295 2559 362 2592 arce.
375 2542 501 2612 Aeropoli
514 2542 630 2593 Athena·
675 2544 733 2610 ipse
746 2543 800 2592 Rex
812 2544 899 2593 Deum
914 2546 1040 2594 amaverit
1053 2544 1178 2598 mulieres

144 2628 240 2667 rum-
255 2608 330 2672 Carti.
348 2621 418 2687 Quia
428 2621 536 2672 Athenae
550 2623 578 2672 in
591 2635 630 2673 tu·
673 2621 830 2684 Tlrebanas3
849 2621 1018 2688 Alcmenam,
1034 2624 1178 2694 Antiopam

144 2691 185 2745 tela
195 2698 317 2751 Minervae
331 2712 414 2752 erant.
674 2700 831 2765 Nicteidem,
840 2714 977 2772 postremo
984 2703 1130 2772 Europam,
1137 2723 1179 2755 cu-

173 2775 224 2829 185.
237 2778 351 2832 Hostiles
361 2778 474 2831 Tritonis
485 2796 572 2850 aquas.
585 2780 630 2830 Di·
671 2781 715 2849 jus
723 2780 804 2830 frater
811 2779 926 2831 Cadmus
935 2780 1054 2833 condidit
1062 2781 1179 2836 Thebas.

141 2847 227 2909 lovium
241 2877 257 2909 a
274 2860 403 2930 Neptuno
422 2857 568 2909 inductum.
591 2862 629 2911 De
713 2858 771 2910 188.
790 2859 839 2909 Ida
852 2879 860 2907 .·
874 2859 940 2929 quid
951 2858 1001 2910 heu
1014 2870 1116 2911 tantum
1130 2880 1179 2915 no·

139 2931 237 2990 Athenis
252 2938 420 2991 contendisse
438 2940 584 2990 Minervam
604 2954 631 2991 et
674 2937 730 2989 stris
741 2937 884 3007 offenderis
894 2937 965 2990 aris?
985 2941 1081 2992 Creta:
1098 2941 1178 3013 quid,
1208 2929 1211 2934 ¹

139 3006 282 3085 Neptunum
301 3016 456 3069 fabulantur
472 3031 571 3087 poetae,
592 3021 630 3069 vi·
675 3030 726 3067 etc.
742 3017 830 3068 Burm.
849 3015 907 3066 Ida.
920 3019 998 3068 Mons
1011 3017 1094 3069 Cretae
1106 3019 1178 3070 loris

137 3106 252 3169 stumque
269 3100 426 3170 Neptunum
446 3098 539 3149 urbem
554 3102 630 3170 aquis
675 3094 807 3147 natalibus
828 3096 951 3168 inclytus.
971 3096 1178 3162 llod.1da,vel

136 3178 630 3243 etertereconatumfuisse,Minervam
674 3174 860 3249 Psiloriti.En.

135 3274 283 3330 veroaquas
296 3261 435 3329 repulisse.
451 3289 487 3297 —
507 3259 629 3313 Tritonis.
714 3255 772 3323 189.
782 3254 834 3305 Hic
844 3256 903 3321 tibi,
914 3257 1033 3328 quando,
1042 3269 1092 3307 eto.
1103 3254 1178 3308 Ordo

133 3331 186 3388 Sive
192 3337 324 3403 Tritonia,
333 3339 461 3389 Minerva.
471 3335 538 3388 Vide
545 3336 629 3388 Theb.
675 3346 714 3385 est
722 3346 748 3385 et
756 3352 849 3386 sensus
860 3358 865 3385 :
876 3337 925 3385 llic
933 3333 982 3385 tibi
991 3348 1078 3385 tamen
1086 3373 1094 3400 ,
1102 3337 1180 3407 siqui·

131 3413 190 3483 llll,
206 3416 268 3484 639.
674 3410 734 3463 dem
744 3413 800 3482 jam
813 3416 908 3462 minori
921 3414 1005 3482 gratia
1016 3410 1089 3481 apud
1098 3425 1124 3464 te
1134 3433 1182 3465 va-

166 3495 222 3554 186.
248 3495 320 3546 Eois.
340 3496 483 3566 AEgyptiis3
502 3496 629 3565 AEgyptus
674 3490 717 3542 leo
724 3493 735 3557 ,'
744 3493 825 3544 fuisse
835 3506 968 3542 memento
978 3505 1070 3542 noctes
1081 3492 1177 3562 quibus

131 3575 196 3626 enim
209 3575 243 3626 ab
257 3576 375 3646 antiquis
388 3572 629 3645 GeographisAsiec
675 3570 814 3621 Herculem
834 3572 965 3638 genuisti,
987 3583 1013 3621 et
1030 3571 1177 3642 Antiopam

128 3669 172 3705 seu
192 3654 296 3706 Orienti
320 3654 479 3705 contributa.
501 3679 536 3692 -
557 3653 630 3725 Epa·
676 3667 757 3719 quam
770 3651 879 3712 amasti,
893 3663 918 3698 et
933 3647 1057 3700 familiam
1071 3650 1178 3717 Cadmi,

125 3731 218 3803 plum.
232 3733 376 3803 Epaphus,
389 3733 528 3785 colebatur
542 3719 630 3783 abAE·
675 3730 754 3796 cujus
775 3745 851 3778 soror
873 3728 982 3800 Europa
999 3729 1104 3781 felicior
1120 3747 1182 3780 mea

126 3811 231 3883 gyptiis.
243 3809 396 3863 Herodotus
404 3810 477 3863 hunc
488 3807 630 3862 confirndit
675 3820 759 3857 matre
772 3806 830 3857 fuit.
845 3806 891 3859 En.
