<?xml version="1.0" encoding="UTF-8"?>
<!DOCTYPE html PUBLIC "-//W3C//DTD XHTML 1.0 Transitional//EN"
    "http://www.w3.org/TR/xhtml1/DTD/xhtml1-transitional.dtd">
<html xmlns="http://www.w3.org/1999/xhtml" xml:lang="en" lang="en">
 <head>
  <title>
</title>
<meta http-equiv="Content-Type" content="text/html;charset=utf-8" />
  <meta name='ocr-system' content='tesseract 3.04.00' />
  <meta name='ocr-capabilities' content='ocr_page ocr_carea ocr_par ocr_line ocrx_word'/>
</head>
<body>
  <div class='ocr_page' id='page_1' title='image "bibliothecaclas07lemagoog_0065.png"; bbox 0 0 2616 4792; ppageno 0'>
   <div class='ocr_carea' id='block_1_1' title="bbox 228 379 272 449">
    <p class='ocr_par' dir='ltr' id='par_1_1' title="bbox 228 379 272 449">
     <span class='ocr_line' id='line_1_1' title="bbox 228 379 272 449; baseline 0.068 -3"><span class='ocrx_word' id='word_1_1' title='bbox 228 379 272 449; x_wconf 88' lang='grc'><strong>50</strong></span> 
     </span>
    </p>
   </div>
   <div class='ocr_carea' id='block_1_2' title="bbox 463 376 1040 444">
    <p class='ocr_par' dir='ltr' id='par_1_2' title="bbox 463 376 1040 444">
     <span class='ocr_line' id='line_1_2' title="bbox 463 376 1040 444; baseline 0.003 -2"><span class='ocrx_word' id='word_1_2' title='bbox 463 380 498 443; x_wconf 92' lang='lat' dir='ltr'><strong>P.</strong></span> <span class='ocrx_word' id='word_1_3' title='bbox 524 378 560 441; x_wconf 92' lang='lat' dir='ltr'><strong>P.</strong></span> <span class='ocrx_word' id='word_1_4' title='bbox 586 376 740 442; x_wconf 87' lang='lat' dir='ltr'><strong>STATll</strong></span> <span class='ocrx_word' id='word_1_5' title='bbox 764 376 1040 444; x_wconf 85' lang='lat' dir='ltr'><strong>THEBAIDOS</strong></span> 
     </span>
    </p>
   </div>
   <div class='ocr_carea' id='block_1_3' title="bbox 268 500 1253 1261">
    <p class='ocr_par' dir='ltr' id='par_1_3' title="bbox 268 500 1253 1261">
     <span class='ocr_line' id='line_1_3' title="bbox 273 500 1253 595; baseline -0.008 -20"><span class='ocrx_word' id='word_1_6' title='bbox 273 513 376 576; x_wconf 84' lang='lat' dir='ltr'><strong>Nocte</strong></span> <span class='ocrx_word' id='word_1_7' title='bbox 388 504 502 573; x_wconf 87' lang='lat' dir='ltr'><strong>ferunt</strong></span> <span class='ocrx_word' id='word_1_8' title='bbox 513 507 632 573; x_wconf 86' lang='lat' dir='ltr'><strong>tacita:</strong></span> <span class='ocrx_word' id='word_1_9' title='bbox 646 525 736 571; x_wconf 82' lang='lat' dir='ltr'><strong>saevo</strong></span> <span class='ocrx_word' id='word_1_10' title='bbox 746 500 928 570; x_wconf 89' lang='lat' dir='ltr'><strong>decurrere</strong></span> <span class='ocrx_word' id='word_1_11' title='bbox 940 526 1062 595; x_wconf 89' lang='lat' dir='ltr'><strong>campo</strong></span> <span class='ocrx_word' id='word_1_12' title='bbox 1215 514 1253 583; x_wconf 67' lang='lat'><strong>415</strong></span> 
     </span>
     <span class='ocr_line' id='line_1_4' title="bbox 272 613 1116 709; baseline -0.008 -23"><span class='ocrx_word' id='word_1_13' title='bbox 272 623 487 688; x_wconf 88' lang='lat' dir='ltr'><strong>OEnomaum</strong></span> <span class='ocrx_word' id='word_1_14' title='bbox 500 640 560 685; x_wconf 86' lang='lat' dir='ltr'><strong>suu</strong></span> <span class='ocrx_word' id='word_1_15' title='bbox 573 618 648 683; x_wconf 88' lang='lat' dir='ltr'><strong>Pisa</strong></span> <span class='ocrx_word' id='word_1_16' title='bbox 658 615 771 683; x_wconf 78' lang='lat' dir='ltr'><strong>refert.</strong></span> <span class='ocrx_word' id='word_1_17' title='bbox 784 613 957 682; x_wconf 91' lang='lat' dir='ltr'><strong>Acheloon</strong></span> <span class='ocrx_word' id='word_1_18' title='bbox 969 631 1116 709; x_wconf 89' lang='lat' dir='ltr'><strong>utroque</strong></span> 
     </span>
     <span class='ocr_line' id='line_1_5' title="bbox 271 726 1072 820; baseline -0.006 -21"><span class='ocrx_word' id='word_1_19' title='bbox 271 731 463 799; x_wconf 86' lang='lat' dir='ltr'><strong>Deformem</strong></span> <span class='ocrx_word' id='word_1_20' title='bbox 476 753 581 801; x_wconf 88' lang='lat' dir='ltr'><strong>oornu</strong></span> <span class='ocrx_word' id='word_1_21' title='bbox 592 752 698 820; x_wconf 87' lang='lat' dir='ltr'><strong>vagus</strong></span> <span class='ocrx_word' id='word_1_22' title='bbox 711 726 895 795; x_wconf 74' lang='lat' dir='ltr'><strong>infamabat</strong></span> <span class='ocrx_word' id='word_1_23' title='bbox 906 731 1072 794; x_wconf 83' lang='lat' dir='ltr'><strong>Acarnan.</strong></span> 
     </span>
     <span class='ocr_line' id='line_1_6' title="bbox 271 841 1121 932; baseline -0.002 -24"><span class='ocrx_word' id='word_1_24' title='bbox 271 845 408 909; x_wconf 87' lang='lat' dir='ltr'><strong>Perseos</strong></span> <span class='ocrx_word' id='word_1_25' title='bbox 420 841 567 932; x_wconf 89' lang='lat' dir='ltr'><strong>effigiem</strong></span> <span class='ocrx_word' id='word_1_26' title='bbox 579 853 734 906; x_wconf 85' lang='lat' dir='ltr'><strong>moestam</strong></span> <span class='ocrx_word' id='word_1_27' title='bbox 746 853 953 931; x_wconf 77' lang='lat' dir='ltr'><strong>exorantque</strong></span> <span class='ocrx_word' id='word_1_28' title='bbox 965 843 1121 932; x_wconf 80' lang='lat' dir='ltr'><strong>Myoeuoe</strong></span> 
     </span>
     <span class='ocr_line' id='line_1_7' title="bbox 269 948 1062 1042; baseline -0.004 -22"><span class='ocrx_word' id='word_1_29' title='bbox 269 953 457 1021; x_wconf 90' lang='lat' dir='ltr'><strong>Confusum</strong></span> <span class='ocrx_word' id='word_1_30' title='bbox 468 956 487 1019; x_wconf 93' lang='lat' dir='ltr'>J</span> <span class='ocrx_word' id='word_1_31' title='bbox 490 953 613 1019; x_wconf 87' lang='lat' dir='ltr'><strong>unonis</strong></span> <span class='ocrx_word' id='word_1_32' title='bbox 625 948 710 1017; x_wconf 91' lang='lat' dir='ltr'><strong>ebur</strong></span> <span class='ocrx_word' id='word_1_33' title='bbox 721 975 728 1014; x_wconf 78' lang='grc' dir='ltr'><strong>ε</strong></span> <span class='ocrx_word' id='word_1_34' title='bbox 743 953 874 1041; x_wconf 90' lang='lat' dir='ltr'><strong>mugire</strong></span> <span class='ocrx_word' id='word_1_35' title='bbox 885 965 1062 1042; x_wconf 86' lang='lat' dir='ltr'><strong>potentem</strong></span> 
     </span>
     <span class='ocr_line' id='line_1_8' title="bbox 270 1059 1108 1152; baseline -0.005 -22"><span class='ocrx_word' id='word_1_36' title='bbox 270 1062 420 1131; x_wconf 85' lang='lat' dir='ltr'><strong>Inachon</strong></span> <span class='ocrx_word' id='word_1_37' title='bbox 431 1059 603 1152; x_wconf 70' lang='lat' dir='ltr'><strong>agricolae,</strong></span> <span class='ocrx_word' id='word_1_38' title='bbox 616 1061 741 1152; x_wconf 80' lang='lat' dir='ltr'><strong>gemini</strong></span> <span class='ocrx_word' id='word_1_39' title='bbox 752 1063 855 1127; x_wconf 82' lang='lat' dir='ltr'><strong>maris</strong></span> <span class='ocrx_word' id='word_1_40' title='bbox 867 1059 978 1128; x_wconf 88' lang='lat' dir='ltr'><strong>incola</strong></span> <span class='ocrx_word' id='word_1_41' title='bbox 990 1077 1108 1128; x_wconf 86' lang='lat' dir='ltr'><strong>narrat</strong></span> 
     </span>
     <span class='ocr_line' id='line_1_9' title="bbox 268 1169 1068 1261; baseline -0.006 -20"><span class='ocrx_word' id='word_1_42' title='bbox 268 1172 471 1241; x_wconf 85' lang='lat' dir='ltr'><strong>Thebanum</strong></span> <span class='ocrx_word' id='word_1_43' title='bbox 482 1185 554 1237; x_wconf 94' lang='lat' dir='ltr'><strong>toto</strong></span> <span class='ocrx_word' id='word_1_44' title='bbox 566 1169 736 1261; x_wconf 84' lang='lat' dir='ltr'><strong>planxisse</strong></span> <span class='ocrx_word' id='word_1_45' title='bbox 748 1169 938 1237; x_wconf 86' lang='lat' dir='ltr'><strong>Palaemona</strong></span> <span class='ocrx_word' id='word_1_46' title='bbox 949 1186 1068 1261; x_wconf 88' lang='lat' dir='ltr'><strong>ponto.</strong></span> 
     </span>
    </p>
   </div>
   <div class='ocr_carea' id='block_1_4' title="bbox 159 1386 723 4130">
    <p class='ocr_par' dir='ltr' id='par_1_4' title="bbox 159 1386 723 4130">
     <span class='ocr_line' id='line_1_10' title="bbox 220 1386 723 1460; baseline -0.012 -15"><span class='ocrx_word' id='word_1_47' title='bbox 220 1390 273 1445; x_wconf 88' lang='lat' dir='ltr'><strong>Sed</strong></span> <span class='ocrx_word' id='word_1_48' title='bbox 290 1387 431 1460; x_wconf 82' lang='lat' dir='ltr'><strong>legendum</strong></span> <span class='ocrx_word' id='word_1_49' title='bbox 449 1405 507 1440; x_wconf 82' lang='lat' dir='ltr'><strong>esse</strong></span> <span class='ocrx_word' id='word_1_50' title='bbox 524 1386 636 1440; x_wconf 81' lang='lat' dir='ltr'><strong>Arcades</strong></span> <span class='ocrx_word' id='word_1_51' title='bbox 653 1387 723 1439; x_wconf 85' lang='lat' dir='ltr'><strong>bene</strong></span> 
     </span>
     <span class='ocr_line' id='line_1_11' title="bbox 219 1466 723 1521; baseline -0.01 0"><span class='ocrx_word' id='word_1_52' title='bbox 219 1468 369 1521; x_wconf 80' lang='lat' dir='ltr'><strong>observavit</strong></span> <span class='ocrx_word' id='word_1_53' title='bbox 379 1466 536 1519; x_wconf 84' lang='lat' dir='ltr'><strong>Gronovius.</strong></span> <span class='ocrx_word' id='word_1_54' title='bbox 544 1468 580 1519; x_wconf 89' lang='lat' dir='ltr'><strong>Ut</strong></span> <span class='ocrx_word' id='word_1_55' title='bbox 589 1468 660 1519; x_wconf 89' lang='lat' dir='ltr'><strong>enim</strong></span> <span class='ocrx_word' id='word_1_56' title='bbox 669 1485 723 1517; x_wconf 86' lang='lat' dir='ltr'><strong>om·</strong></span> 
     </span>
     <span class='ocr_line' id='line_1_12' title="bbox 159 1545 723 1617; baseline -0.005 -17"><span class='ocrx_word' id='word_1_57' title='bbox 159 1583 161 1587; x_wconf 88' lang='lat'><strong>.</strong></span> <span class='ocrx_word' id='word_1_58' title='bbox 220 1566 267 1600; x_wconf 87' lang='lat' dir='ltr'><strong>nes</strong></span> <span class='ocrx_word' id='word_1_59' title='bbox 276 1560 384 1617; x_wconf 78' lang='lat' dir='ltr'><strong>gentes,</strong></span> <span class='ocrx_word' id='word_1_60' title='bbox 395 1564 453 1617; x_wconf 85' lang='lat' dir='ltr'><strong>quae</strong></span> <span class='ocrx_word' id='word_1_61' title='bbox 463 1545 533 1597; x_wconf 87' lang='lat' dir='ltr'><strong>bello</strong></span> <span class='ocrx_word' id='word_1_62' title='bbox 543 1545 673 1597; x_wconf 82' lang='lat' dir='ltr'><strong>Thebano</strong></span> <span class='ocrx_word' id='word_1_63' title='bbox 682 1547 723 1597; x_wconf 88' lang='lat' dir='ltr'><strong>in-</strong></span> 
     </span>
     <span class='ocr_line' id='line_1_13' title="bbox 220 1624 722 1696; baseline -0.006 -17"><span class='ocrx_word' id='word_1_64' title='bbox 220 1639 352 1692; x_wconf 83' lang='lat' dir='ltr'><strong>tererant,</strong></span> <span class='ocrx_word' id='word_1_65' title='bbox 371 1629 446 1696; x_wconf 85' lang='lat' dir='ltr'><strong>signa</strong></span> <span class='ocrx_word' id='word_1_66' title='bbox 460 1643 492 1676; x_wconf 93' lang='lat' dir='ltr'><strong>ac</strong></span> <span class='ocrx_word' id='word_1_67' title='bbox 507 1624 630 1695; x_wconf 87' lang='lat' dir='ltr'><strong>prodigia</strong></span> <span class='ocrx_word' id='word_1_68' title='bbox 646 1625 722 1676; x_wconf 89' lang='lat' dir='ltr'><strong>vide-</strong></span> 
     </span>
     <span class='ocr_line' id='line_1_14' title="bbox 219 1703 722 1776; baseline -0.004 -19"><span class='ocrx_word' id='word_1_69' title='bbox 219 1719 295 1772; x_wconf 87' lang='lat' dir='ltr'><strong>rant,</strong></span> <span class='ocrx_word' id='word_1_70' title='bbox 320 1704 419 1776; x_wconf 87' lang='lat' dir='ltr'><strong>quibus</strong></span> <span class='ocrx_word' id='word_1_71' title='bbox 441 1703 574 1756; x_wconf 84' lang='lat' dir='ltr'><strong>infelicem</strong></span> <span class='ocrx_word' id='word_1_72' title='bbox 599 1718 722 1756; x_wconf 88' lang='lat' dir='ltr'><strong>eventum</strong></span> 
     </span>
     <span class='ocr_line' id='line_1_15' title="bbox 219 1784 720 1856; baseline -0.004 -18"><span class='ocrx_word' id='word_1_73' title='bbox 219 1784 331 1856; x_wconf 85' lang='lat' dir='ltr'><strong>hujusce</strong></span> <span class='ocrx_word' id='word_1_74' title='bbox 338 1784 401 1837; x_wconf 83' lang='lat' dir='ltr'><strong>balli</strong></span> <span class='ocrx_word' id='word_1_75' title='bbox 412 1798 564 1855; x_wconf 84' lang='lat' dir='ltr'><strong>exspectare</strong></span> <span class='ocrx_word' id='word_1_76' title='bbox 572 1784 720 1846; x_wconf 80' lang='lat' dir='ltr'><strong>debebant3</strong></span> 
     </span>
     <span class='ocr_line' id='line_1_16' title="bbox 218 1861 722 1937; baseline -0.006 -20"><span class='ocrx_word' id='word_1_77' title='bbox 218 1865 313 1937; x_wconf 82' lang='lat' dir='ltr'><strong>Sparte</strong></span> <span class='ocrx_word' id='word_1_78' title='bbox 323 1864 426 1916; x_wconf 89' lang='lat' dir='ltr'><strong>viderat</strong></span> <span class='ocrx_word' id='word_1_79' title='bbox 435 1862 544 1915; x_wconf 78' lang='lat' dir='ltr'><strong>reclusis</strong></span> <span class='ocrx_word' id='word_1_80' title='bbox 556 1861 648 1934; x_wconf 89' lang='lat' dir='ltr'><strong>templi</strong></span> <span class='ocrx_word' id='word_1_81' title='bbox 660 1863 722 1915; x_wconf 85' lang='lat' dir='ltr'><strong>fori·</strong></span> 
     </span>
     <span class='ocr_line' id='line_1_17' title="bbox 219 1942 721 1997; baseline -0.006 -2"><span class='ocrx_word' id='word_1_82' title='bbox 219 1942 271 1995; x_wconf 87' lang='lat' dir='ltr'><strong>bus</strong></span> <span class='ocrx_word' id='word_1_83' title='bbox 280 1943 415 1996; x_wconf 80' lang='lat' dir='ltr'><strong>Castorem</strong></span> <span class='ocrx_word' id='word_1_84' title='bbox 424 1962 455 1994; x_wconf 88' lang='lat' dir='ltr'><strong>ac</strong></span> <span class='ocrx_word' id='word_1_85' title='bbox 467 1942 599 1997; x_wconf 84' lang='lat' dir='ltr'><strong>Pollucem</strong></span> <span class='ocrx_word' id='word_1_86' title='bbox 610 1961 721 1994; x_wconf 87' lang='lat' dir='ltr'><strong>concur-</strong></span> 
     </span>
     <span class='ocr_line' id='line_1_18' title="bbox 218 2022 721 2084; baseline -0.002 -11"><span class='ocrx_word' id='word_1_87' title='bbox 218 2033 322 2084; x_wconf 84' lang='lat' dir='ltr'><strong>rentea;</strong></span> <span class='ocrx_word' id='word_1_88' title='bbox 343 2023 402 2073; x_wconf 82' lang='lat' dir='ltr'><strong>Pisa</strong></span> <span class='ocrx_word' id='word_1_89' title='bbox 421 2022 589 2072; x_wconf 81' lang='lat' dir='ltr'><strong>OEnomaum</strong></span> <span class='ocrx_word' id='word_1_90' title='bbox 611 2040 721 2073; x_wconf 89' lang='lat' dir='ltr'><strong>curren·</strong></span> 
     </span>
     <span class='ocr_line' id='line_1_19' title="bbox 219 2098 722 2162; baseline 0.002 -10"><span class='ocrx_word' id='word_1_91' title='bbox 219 2111 271 2152; x_wconf 84' lang='lat' dir='ltr'><strong>tam</strong></span> <span class='ocrx_word' id='word_1_92' title='bbox 285 2102 312 2152; x_wconf 93' lang='lat' dir='ltr'><strong>in</strong></span> <span class='ocrx_word' id='word_1_93' title='bbox 326 2117 375 2152; x_wconf 84' lang='lat' dir='ltr'><strong>suo</strong></span> <span class='ocrx_word' id='word_1_94' title='bbox 387 2098 488 2162; x_wconf 87' lang='lat' dir='ltr'><strong>stadio;</strong></span> <span class='ocrx_word' id='word_1_95' title='bbox 503 2102 624 2151; x_wconf 81' lang='lat' dir='ltr'><strong>Acarnan</strong></span> <span class='ocrx_word' id='word_1_96' title='bbox 639 2099 722 2153; x_wconf 91' lang='lat' dir='ltr'><strong>Ache·</strong></span> 
     </span>
     <span class='ocr_line' id='line_1_20' title="bbox 204 2179 721 2252; baseline 0 -22"><span class='ocrx_word' id='word_1_97' title='bbox 204 2179 294 2239; x_wconf 70' lang='lat' dir='ltr'><strong>‚loum</strong></span> <span class='ocrx_word' id='word_1_98' title='bbox 311 2181 443 2252; x_wconf 86' lang='lat' dir='ltr'><strong>privatum</strong></span> <span class='ocrx_word' id='word_1_99' title='bbox 462 2181 540 2230; x_wconf 85' lang='lat' dir='ltr'><strong>etiam</strong></span> <span class='ocrx_word' id='word_1_100' title='bbox 559 2179 640 2229; x_wconf 85' lang='lat' dir='ltr'><strong>altero</strong></span> <span class='ocrx_word' id='word_1_101' title='bbox 660 2199 721 2231; x_wconf 90' lang='lat' dir='ltr'><strong>cor-</strong></span> 
     </span>
     <span class='ocr_line' id='line_1_21' title="bbox 219 2258 721 2324; baseline -0.004 -12"><span class='ocrx_word' id='word_1_102' title='bbox 219 2279 270 2324; x_wconf 82' lang='lat' dir='ltr'><strong>nu3</strong></span> <span class='ocrx_word' id='word_1_103' title='bbox 281 2261 318 2314; x_wconf 88' lang='lat' dir='ltr'><strong>sic</strong></span> <span class='ocrx_word' id='word_1_104' title='bbox 329 2261 445 2313; x_wconf 84' lang='lat' dir='ltr'><strong>Arcades</strong></span> <span class='ocrx_word' id='word_1_105' title='bbox 458 2258 608 2312; x_wconf 85' lang='lat' dir='ltr'><strong>referebant</strong></span> <span class='ocrx_word' id='word_1_106' title='bbox 618 2260 721 2311; x_wconf 86' lang='lat' dir='ltr'><strong>audisse</strong></span> 
     </span>
     <span class='ocr_line' id='line_1_22' title="bbox 205 2341 721 2414; baseline -0.004 -21"><span class='ocrx_word' id='word_1_107' title='bbox 205 2341 330 2395; x_wconf 86' lang='lat' dir='ltr'><strong>latratus</strong></span> <span class='ocrx_word' id='word_1_108' title='bbox 344 2342 482 2414; x_wconf 77' lang='lat' dir='ltr'><strong>Lycaonis.</strong></span> <span class='ocrx_word' id='word_1_109' title='bbox 495 2341 565 2391; x_wconf 89' lang='lat' dir='ltr'><strong>Nota</strong></span> <span class='ocrx_word' id='word_1_110' title='bbox 579 2354 667 2392; x_wconf 89' lang='lat' dir='ltr'><strong>autem</strong></span> <span class='ocrx_word' id='word_1_111' title='bbox 680 2342 692 2391; x_wconf 86' lang='grc'><strong>1</strong></span> <span class='ocrx_word' id='word_1_112' title='bbox 707 2370 721 2381; x_wconf 95' lang='grc'><strong>-</strong></span> 
     </span>
     <span class='ocr_line' id='line_1_23' title="bbox 217 2420 721 2492; baseline -0.004 -20"><span class='ocrx_word' id='word_1_113' title='bbox 217 2420 284 2472; x_wconf 87' lang='lat' dir='ltr'><strong>bula</strong></span> <span class='ocrx_word' id='word_1_114' title='bbox 301 2421 430 2492; x_wconf 61' lang='lat' dir='ltr'><strong>Lycaonis</strong></span> <span class='ocrx_word' id='word_1_115' title='bbox 450 2422 477 2471; x_wconf 92' lang='lat' dir='ltr'><strong>in</strong></span> <span class='ocrx_word' id='word_1_116' title='bbox 495 2420 589 2491; x_wconf 88' lang='lat' dir='ltr'><strong>lupum</strong></span> <span class='ocrx_word' id='word_1_117' title='bbox 608 2438 721 2471; x_wconf 88' lang='lat' dir='ltr'><strong>conver-</strong></span> 
     </span>
     <span class='ocr_line' id='line_1_24' title="bbox 219 2498 722 2570; baseline 0 -20"><span class='ocrx_word' id='word_1_118' title='bbox 219 2500 258 2562; x_wconf 77' lang='lat' dir='ltr'><strong>si,</strong></span> <span class='ocrx_word' id='word_1_119' title='bbox 274 2499 347 2570; x_wconf 91' lang='lat' dir='ltr'><strong>quod</strong></span> <span class='ocrx_word' id='word_1_120' title='bbox 361 2519 472 2569; x_wconf 85' lang='lat' dir='ltr'><strong>puerum</strong></span> <span class='ocrx_word' id='word_1_121' title='bbox 486 2500 546 2551; x_wconf 91' lang='lat' dir='ltr'><strong>Jovi</strong></span> <span class='ocrx_word' id='word_1_122' title='bbox 558 2498 722 2570; x_wconf 89' lang='lat' dir='ltr'><strong>epulandum</strong></span> 
     </span>
     <span class='ocr_line' id='line_1_25' title="bbox 218 2577 552 2630; baseline -0.006 0"><span class='ocrx_word' id='word_1_123' title='bbox 218 2577 330 2630; x_wconf 77' lang='lat' dir='ltr'><strong>dederit.</strong></span> <span class='ocrx_word' id='word_1_124' title='bbox 344 2578 403 2627; x_wconf 89' lang='lat' dir='ltr'><strong>Vid.</strong></span> <span class='ocrx_word' id='word_1_125' title='bbox 420 2577 552 2628; x_wconf 91' lang='lat' dir='ltr'><strong>Ovidium.</strong></span> 
     </span>
     <span class='ocr_line' id='line_1_26' title="bbox 208 2657 723 2727; baseline 0 -19"><span class='ocrx_word' id='word_1_126' title='bbox 208 2695 210 2699; x_wconf 30' lang='grc' dir='ltr'><em>ψ</em></span> <span class='ocrx_word' id='word_1_127' title='bbox 256 2657 316 2723; x_wconf 75' lang='grc'><strong>405.</strong></span> <span class='ocrx_word' id='word_1_128' title='bbox 336 2658 409 2709; x_wconf 76' lang='lat' dir='ltr'><strong>Savo</strong></span> <span class='ocrx_word' id='word_1_129' title='bbox 421 2675 522 2727; x_wconf 86' lang='lat' dir='ltr'><strong>campo.</strong></span> <span class='ocrx_word' id='word_1_130' title='bbox 533 2661 562 2708; x_wconf 89' lang='lat' dir='ltr'><strong>ln</strong></span> <span class='ocrx_word' id='word_1_131' title='bbox 573 2676 625 2726; x_wconf 87' lang='lat' dir='ltr'><strong>quo</strong></span> <span class='ocrx_word' id='word_1_132' title='bbox 636 2659 723 2708; x_wconf 89' lang='lat' dir='ltr'><strong>victor</strong></span> 
     </span>
     <span class='ocr_line' id='line_1_27' title="bbox 219 2735 694 2808; baseline -0.004 -19"><span class='ocrx_word' id='word_1_133' title='bbox 219 2735 278 2789; x_wconf 75' lang='lat' dir='ltr'><strong>filiae</strong></span> <span class='ocrx_word' id='word_1_134' title='bbox 290 2755 403 2808; x_wconf 89' lang='lat' dir='ltr'><strong>sponsos</strong></span> <span class='ocrx_word' id='word_1_135' title='bbox 416 2735 509 2787; x_wconf 87' lang='lat' dir='ltr'><strong>solitus</strong></span> <span class='ocrx_word' id='word_1_136' title='bbox 517 2738 577 2787; x_wconf 88' lang='lat' dir='ltr'><strong>&#39;erat</strong></span> <span class='ocrx_word' id='word_1_137' title='bbox 589 2755 694 2787; x_wconf 88' lang='lat' dir='ltr'><strong>necare.</strong></span> 
     </span>
     <span class='ocr_line' id='line_1_28' title="bbox 254 2815 722 2885; baseline -0.004 -17"><span class='ocrx_word' id='word_1_138' title='bbox 254 2816 591 2885; x_wconf 72' lang='lat' dir='ltr'><strong>416‚417.0En0m.s.1².</strong></span> <span class='ocrx_word' id='word_1_139' title='bbox 605 2836 624 2867; x_wconf 93' lang='lat' dir='ltr'><strong>r.</strong></span> <span class='ocrx_word' id='word_1_140' title='bbox 638 2815 722 2866; x_wconf 80' lang='lat' dir='ltr'><strong>Ache·</strong></span> 
     </span>
     <span class='ocr_line' id='line_1_29' title="bbox 220 2893 721 2966; baseline -0.004 -20"><span class='ocrx_word' id='word_1_141' title='bbox 220 2895 281 2946; x_wconf 85' lang='lat' dir='ltr'><strong>loon</strong></span> <span class='ocrx_word' id='word_1_142' title='bbox 293 2905 408 2966; x_wconf 81' lang='lat' dir='ltr'><strong>atroque.</strong></span> <span class='ocrx_word' id='word_1_143' title='bbox 420 2894 512 2946; x_wconf 84' lang='lat' dir='ltr'><strong>Behot.</strong></span> <span class='ocrx_word' id='word_1_144' title='bbox 523 2912 551 2959; x_wconf 83' lang='lat' dir='ltr'><strong>a,</strong></span> <span class='ocrx_word' id='word_1_145' title='bbox 564 2893 721 2946; x_wconf 80' lang='lat' dir='ltr'><strong>Acheloum-</strong></span> 
     </span>
     <span class='ocr_line' id='line_1_30' title="bbox 176 2975 720 3048; baseline 0 -22"><span class='ocrx_word' id='word_1_146' title='bbox 176 2996 179 3000; x_wconf 90' lang='lat'>·</span> <span class='ocrx_word' id='word_1_147' title='bbox 218 2977 305 3048; x_wconf 81' lang='lat' dir='ltr'><strong>quein</strong></span> <span class='ocrx_word' id='word_1_148' title='bbox 317 2985 481 3045; x_wconf 71' lang='grc'><strong>01000700-</strong></span> <span class='ocrx_word' id='word_1_149' title='bbox 494 2975 662 3026; x_wconf 85' lang='lat' dir='ltr'><strong>OEnomaam</strong></span> <span class='ocrx_word' id='word_1_150' title='bbox 675 2994 720 3026; x_wconf 85' lang='lat' dir='ltr'><strong>sna</strong></span> 
     </span>
     <span class='ocr_line' id='line_1_31' title="bbox 218 3053 720 3124; baseline -0.002 -19"><span class='ocrx_word' id='word_1_151' title='bbox 218 3055 279 3106; x_wconf 82' lang='lat' dir='ltr'><strong>Pisa</strong></span> <span class='ocrx_word' id='word_1_152' title='bbox 289 3053 375 3124; x_wconf 80' lang='lat' dir='ltr'><strong>refert.</strong></span> <span class='ocrx_word' id='word_1_153' title='bbox 386 3057 444 3105; x_wconf 86' lang='lat' dir='ltr'><strong>Hoc</strong></span> <span class='ocrx_word' id='word_1_154' title='bbox 454 3065 547 3104; x_wconf 88' lang='lat' dir='ltr'><strong>notum</strong></span> <span class='ocrx_word' id='word_1_155' title='bbox 560 3067 600 3106; x_wconf 87' lang='lat' dir='ltr'><strong>est</strong></span> <span class='ocrx_word' id='word_1_156' title='bbox 612 3073 642 3105; x_wconf 85' lang='lat' dir='ltr'><strong>ex</strong></span> <span class='ocrx_word' id='word_1_157' title='bbox 655 3073 720 3123; x_wconf 86' lang='lat' dir='ltr'><strong>prae·</strong></span> 
     </span>
     <span class='ocr_line' id='line_1_32' title="bbox 219 3130 720 3204; baseline -0.002 -20"><span class='ocrx_word' id='word_1_158' title='bbox 219 3130 384 3184; x_wconf 86' lang='lat' dir='ltr'><strong>cedentibus.</strong></span> <span class='ocrx_word' id='word_1_159' title='bbox 405 3161 440 3172; x_wconf 86' lang='lat'><em>-</em></span> <span class='ocrx_word' id='word_1_160' title='bbox 459 3130 593 3182; x_wconf 82' lang='lat' dir='ltr'><strong>Acheloon</strong></span> <span class='ocrx_word' id='word_1_161' title='bbox 612 3143 720 3204; x_wconf 81' lang='lat' dir='ltr'><strong>utroque</strong></span> 
     </span>
     <span class='ocr_line' id='line_1_33' title="bbox 217 3210 721 3282; baseline -0.002 -20"><span class='ocrx_word' id='word_1_162' title='bbox 217 3210 370 3282; x_wconf 76' lang='lat' dir='ltr'><strong>Defonnem</strong></span> <span class='ocrx_word' id='word_1_163' title='bbox 385 3229 466 3262; x_wconf 86' lang='lat' dir='ltr'><strong>corna</strong></span> <span class='ocrx_word' id='word_1_164' title='bbox 480 3229 558 3282; x_wconf 74' lang='grc'><strong>00900</strong></span> <span class='ocrx_word' id='word_1_165' title='bbox 574 3210 721 3279; x_wconf 82' lang='lat' dir='ltr'><strong>infamabat</strong></span> 
     </span>
     <span class='ocr_line' id='line_1_34' title="bbox 217 3287 719 3348; baseline -0.002 -8"><span class='ocrx_word' id='word_1_166' title='bbox 217 3287 456 3340; x_wconf 76' lang='lat' dir='ltr'><strong>Acarnanomnes</strong></span> <span class='ocrx_word' id='word_1_167' title='bbox 464 3290 550 3339; x_wconf 87' lang='lat' dir='ltr'><strong>sciunt</strong></span> <span class='ocrx_word' id='word_1_168' title='bbox 558 3288 719 3348; x_wconf 75' lang='lat' dir='ltr'><strong>Acheloum,</strong></span> 
     </span>
     <span class='ocr_line' id='line_1_35' title="bbox 217 3366 718 3432; baseline -0.004 -11"><span class='ocrx_word' id='word_1_169' title='bbox 217 3366 289 3421; x_wconf 90' lang='lat' dir='ltr'><strong>lucta</strong></span> <span class='ocrx_word' id='word_1_170' title='bbox 308 3367 342 3418; x_wconf 91' lang='lat' dir='ltr'><strong>ab</strong></span> <span class='ocrx_word' id='word_1_171' title='bbox 364 3366 478 3418; x_wconf 88' lang='lat' dir='ltr'><strong>Hercule</strong></span> <span class='ocrx_word' id='word_1_172' title='bbox 497 3369 614 3432; x_wconf 82' lang='lat' dir='ltr'><strong>victum,</strong></span> <span class='ocrx_word' id='word_1_173' title='bbox 638 3369 718 3420; x_wconf 89' lang='lat' dir='ltr'><strong>fuisse</strong></span> 
     </span>
     <span class='ocr_line' id='line_1_36' title="bbox 216 3444 718 3508; baseline -0.004 -9"><span class='ocrx_word' id='word_1_174' title='bbox 216 3464 272 3503; x_wconf 85' lang='lat' dir='ltr'><strong>uno</strong></span> <span class='ocrx_word' id='word_1_175' title='bbox 287 3464 370 3497; x_wconf 90' lang='lat' dir='ltr'><strong>cornu</strong></span> <span class='ocrx_word' id='word_1_176' title='bbox 379 3456 550 3508; x_wconf 64' lang='lat' dir='ltr'><strong>truncatum</strong></span> <span class='ocrx_word' id='word_1_177' title='bbox 564 3444 610 3498; x_wconf 84' lang='lat' dir='ltr'><strong>sed</strong></span> <span class='ocrx_word' id='word_1_178' title='bbox 624 3446 651 3495; x_wconf 88' lang='lat' dir='ltr'><strong>in</strong></span> <span class='ocrx_word' id='word_1_179' title='bbox 667 3445 718 3497; x_wconf 93' lang='lat' dir='ltr'><strong>hoc</strong></span> 
     </span>
     <span class='ocr_line' id='line_1_37' title="bbox 208 3524 719 3596; baseline -0.002 -19"><span class='ocrx_word' id='word_1_180' title='bbox 208 3537 335 3596; x_wconf 52' lang='lat' dir='ltr'><strong>*tempore</strong></span> <span class='ocrx_word' id='word_1_181' title='bbox 358 3525 480 3574; x_wconf 81' lang='lat' dir='ltr'><strong>Acarnan</strong></span> <span class='ocrx_word' id='word_1_182' title='bbox 504 3525 574 3574; x_wconf 86' lang='lat' dir='ltr'><strong>inter</strong></span> <span class='ocrx_word' id='word_1_183' title='bbox 597 3524 719 3594; x_wconf 86' lang='lat' dir='ltr'><strong>prodigia</strong></span> 
     </span>
     <span class='ocr_line' id='line_1_38' title="bbox 215 3601 718 3656; baseline 0.004 -3"><span class='ocrx_word' id='word_1_184' title='bbox 215 3602 349 3656; x_wconf 87' lang='lat' dir='ltr'><strong>referebat</strong></span> <span class='ocrx_word' id='word_1_185' title='bbox 365 3612 517 3652; x_wconf 87' lang='lat' dir='ltr'><strong>truncatum</strong></span> <span class='ocrx_word' id='word_1_186' title='bbox 533 3601 616 3653; x_wconf 84' lang='lat' dir='ltr'><strong>altero</strong></span> <span class='ocrx_word' id='word_1_187' title='bbox 634 3621 718 3655; x_wconf 89' lang='lat' dir='ltr'><strong>cornu</strong></span> 
     </span>
     <span class='ocr_line' id='line_1_39' title="bbox 215 3681 718 3734; baseline 0.006 -4"><span class='ocrx_word' id='word_1_188' title='bbox 215 3681 372 3734; x_wconf 83' lang='lat' dir='ltr'><strong>Acheloum.</strong></span> <span class='ocrx_word' id='word_1_189' title='bbox 389 3682 487 3731; x_wconf 86' lang='lat' dir='ltr'><strong>Notum</strong></span> <span class='ocrx_word' id='word_1_190' title='bbox 507 3682 585 3730; x_wconf 86' lang='lat' dir='ltr'><strong>etiam</strong></span> <span class='ocrx_word' id='word_1_191' title='bbox 605 3694 644 3732; x_wconf 84' lang='lat' dir='ltr'><strong>est</strong></span> <span class='ocrx_word' id='word_1_192' title='bbox 662 3699 718 3732; x_wconf 91' lang='lat' dir='ltr'><strong>am-</strong></span> 
     </span>
     <span class='ocr_line' id='line_1_40' title="bbox 208 3762 716 3830; baseline 0.008 -22"><span class='ocrx_word' id='word_1_193' title='bbox 208 3775 261 3816; x_wconf 69' lang='grc'><strong>000</strong></span> <span class='ocrx_word' id='word_1_194' title='bbox 284 3763 390 3813; x_wconf 87' lang='lat' dir='ltr'><strong>taurino</strong></span> <span class='ocrx_word' id='word_1_195' title='bbox 414 3762 502 3830; x_wconf 89' lang='lat' dir='ltr'><strong>capite</strong></span> <span class='ocrx_word' id='word_1_196' title='bbox 526 3763 716 3830; x_wconf 78' lang='lat' dir='ltr'><strong>repraesentari.</strong></span> 
     </span>
     <span class='ocr_line' id='line_1_41' title="bbox 212 3829 716 3892; baseline 0.016 -9"><span class='ocrx_word' id='word_1_197' title='bbox 212 3829 311 3891; x_wconf 83' lang='lat' dir='ltr'><strong>Sensus</strong></span> <span class='ocrx_word' id='word_1_198' title='bbox 331 3854 370 3892; x_wconf 90' lang='lat' dir='ltr'><strong>est</strong></span> <span class='ocrx_word' id='word_1_199' title='bbox 388 3842 488 3892; x_wconf 88' lang='lat' dir='ltr'><strong>aruisse</strong></span> <span class='ocrx_word' id='word_1_200' title='bbox 508 3840 621 3892; x_wconf 85' lang='lat' dir='ltr'><strong>alterum</strong></span> <span class='ocrx_word' id='word_1_201' title='bbox 633 3859 716 3891; x_wconf 89' lang='lat' dir='ltr'><strong>cornu</strong></span> 
     </span>
     <span class='ocr_line' id='line_1_42' title="bbox 213 3919 715 3992; baseline 0.016 -30"><span class='ocrx_word' id='word_1_202' title='bbox 213 3929 262 3963; x_wconf 87' lang='lat' dir='ltr'><strong>seu</strong></span> <span class='ocrx_word' id='word_1_203' title='bbox 272 3919 368 3969; x_wconf 80' lang='lat' dir='ltr'><strong>ostium</strong></span> <span class='ocrx_word' id='word_1_204' title='bbox 378 3919 503 3986; x_wconf 77' lang='lat' dir='ltr'><strong>Acheloi,</strong></span> <span class='ocrx_word' id='word_1_205' title='bbox 513 3921 600 3992; x_wconf 82' lang='lat' dir='ltr'><strong>primo</strong></span> <span class='ocrx_word' id='word_1_206' title='bbox 608 3919 641 3971; x_wconf 87' lang='lat' dir='ltr'><strong>ab</strong></span> <span class='ocrx_word' id='word_1_207' title='bbox 652 3922 715 3971; x_wconf 88' lang='lat' dir='ltr'><strong>Her·</strong></span> 
     </span>
     <span class='ocr_line' id='line_1_43' title="bbox 211 3987 715 4065; baseline 0.02 -25"><span class='ocrx_word' id='word_1_208' title='bbox 211 3987 272 4045; x_wconf 78' lang='lat' dir='ltr'><strong>cole</strong></span> <span class='ocrx_word' id='word_1_209' title='bbox 284 3993 312 4045; x_wconf 91' lang='lat' dir='ltr'><strong>in</strong></span> <span class='ocrx_word' id='word_1_210' title='bbox 323 3992 413 4065; x_wconf 85' lang='lat' dir='ltr'><strong>plures</strong></span> <span class='ocrx_word' id='word_1_211' title='bbox 424 4001 493 4051; x_wconf 85' lang='lat' dir='ltr'><strong>rivos</strong></span> <span class='ocrx_word' id='word_1_212' title='bbox 504 3998 620 4052; x_wconf 86' lang='lat' dir='ltr'><strong>deducto</strong></span> <span class='ocrx_word' id='word_1_213' title='bbox 633 4012 659 4050; x_wconf 86' lang='lat' dir='ltr'><strong>et</strong></span> <span class='ocrx_word' id='word_1_214' title='bbox 672 4017 715 4050; x_wconf 83' lang='lat' dir='ltr'><strong>ex·</strong></span> 
     </span>
     <span class='ocr_line' id='line_1_44' title="bbox 209 4068 712 4130; baseline 0.006 -4"><span class='ocrx_word' id='word_1_215' title='bbox 209 4068 320 4126; x_wconf 62' lang='lat' dir='ltr'><strong>acono.</strong></span> <span class='ocrx_word' id='word_1_216' title='bbox 343 4099 378 4111; x_wconf 91' lang='lat'><strong>--</strong></span> <span class='ocrx_word' id='word_1_217' title='bbox 398 4074 536 4130; x_wconf 76' lang='lat' dir='ltr'><strong>Acarnan.</strong></span> <span class='ocrx_word' id='word_1_218' title='bbox 552 4076 619 4130; x_wconf 83' lang='lat' dir='ltr'><strong>Vide</strong></span> <span class='ocrx_word' id='word_1_219' title='bbox 641 4077 712 4129; x_wconf 87' lang='lat' dir='ltr'><strong>The-</strong></span> 
     </span>
    </p>
   </div>
   <div class='ocr_carea' id='block_1_5' title="bbox 1218 1074 1272 1141">
    <p class='ocr_par' dir='ltr' id='par_1_5' title="bbox 1218 1074 1272 1141">
     <span class='ocr_line' id='line_1_45' title="bbox 1218 1074 1272 1141; baseline 0 -21"><span class='ocrx_word' id='word_1_220' title='bbox 1218 1074 1272 1141; x_wconf 73' lang='lat'><strong>4²⁰</strong></span> 
     </span>
    </p>
   </div>
   <div class='ocr_carea' id='block_1_6' title="bbox 759 1386 1301 4152">
    <p class='ocr_par' dir='ltr' id='par_1_6' title="bbox 766 1386 1301 1537">
     <span class='ocr_line' id='line_1_46' title="bbox 766 1386 1301 1461; baseline 0.009 -23"><span class='ocrx_word' id='word_1_221' title='bbox 766 1386 840 1440; x_wconf 88' lang='lat' dir='ltr'><strong>baid.</strong></span> <span class='ocrx_word' id='word_1_222' title='bbox 861 1391 913 1454; x_wconf 88' lang='lat' dir='ltr'><strong>Vl,</strong></span> <span class='ocrx_word' id='word_1_223' title='bbox 935 1387 1003 1452; x_wconf 80' lang='lat'><strong>6523</strong></span> <span class='ocrx_word' id='word_1_224' title='bbox 1021 1401 1090 1441; x_wconf 75' lang='lat' dir='ltr'><strong>tom.</strong></span> <span class='ocrx_word' id='word_1_225' title='bbox 1112 1389 1301 1461; x_wconf 69' lang='lat' dir='ltr'><strong>praecedant-⁴</strong></span> 
     </span>
     <span class='ocr_line' id='line_1_47' title="bbox 767 1465 972 1537; baseline -0.005 -20"><span class='ocrx_word' id='word_1_226' title='bbox 767 1484 828 1537; x_wconf 87' lang='lat' dir='ltr'><strong>pag.</strong></span> <span class='ocrx_word' id='word_1_227' title='bbox 844 1465 905 1536; x_wconf 96' lang='grc'>667.</span> <span class='ocrx_word' id='word_1_228' title='bbox 924 1469 972 1518; x_wconf 86' lang='lat' dir='ltr'><strong>Eo.</strong></span> 
     </span>
    </p>

    <p class='ocr_par' dir='ltr' id='par_1_7' title="bbox 765 1543 1301 2631">
     <span class='ocr_line' id='line_1_48' title="bbox 803 1543 1265 1618; baseline 0.009 -22"><span class='ocrx_word' id='word_1_229' title='bbox 803 1543 865 1610; x_wconf 71' lang='lat'><strong>418.</strong></span> <span class='ocrx_word' id='word_1_230' title='bbox 884 1547 988 1599; x_wconf 76' lang='lat' dir='ltr'><strong>Perseos</strong></span> <span class='ocrx_word' id='word_1_231' title='bbox 1008 1543 1125 1618; x_wconf 72' lang='lat' dir='ltr'><strong>effipiam</strong></span> <span class='ocrx_word' id='word_1_232' title='bbox 1145 1559 1265 1600; x_wconf 67' lang='lat' dir='ltr'><strong>moenam</strong></span> 
     </span>
     <span class='ocr_line' id='line_1_49' title="bbox 767 1625 1301 1701; baseline 0.013 -26"><span class='ocrx_word' id='word_1_233' title='bbox 767 1627 876 1678; x_wconf 87' lang='lat' dir='ltr'><strong>Perseus</strong></span> <span class='ocrx_word' id='word_1_234' title='bbox 892 1628 960 1678; x_wconf 87' lang='lat' dir='ltr'><strong>enim</strong></span> <span class='ocrx_word' id='word_1_235' title='bbox 976 1625 1009 1677; x_wconf 90' lang='lat' dir='ltr'><strong>ab</strong></span> <span class='ocrx_word' id='word_1_236' title='bbox 1023 1627 1127 1696; x_wconf 86' lang='lat' dir='ltr'><strong>Argivis</strong></span> <span class='ocrx_word' id='word_1_237' title='bbox 1143 1643 1169 1680; x_wconf 85' lang='lat' dir='ltr'><strong>et</strong></span> <span class='ocrx_word' id='word_1_238' title='bbox 1180 1629 1301 1701; x_wconf 59' lang='lat' dir='ltr'><strong>&#39;Myce‘</strong></span> 
     </span>
     <span class='ocr_line' id='line_1_50' title="bbox 767 1704 1301 1760; baseline 0.011 -6"><span class='ocrx_word' id='word_1_239' title='bbox 767 1704 892 1755; x_wconf 89' lang='lat' dir='ltr'><strong>nensibus</strong></span> <span class='ocrx_word' id='word_1_240' title='bbox 902 1705 971 1756; x_wconf 81' lang='lat' dir='ltr'><strong>inter</strong></span> <span class='ocrx_word' id='word_1_241' title='bbox 980 1706 1052 1759; x_wconf 84' lang='lat' dir='ltr'><strong>Deos</strong></span> <span class='ocrx_word' id='word_1_242' title='bbox 1064 1704 1165 1758; x_wconf 87' lang='lat' dir='ltr'><strong>relatus</strong></span> <span class='ocrx_word' id='word_1_243' title='bbox 1176 1708 1301 1760; x_wconf 63' lang='grc'><strong>100005</strong></span> 
     </span>
     <span class='ocr_line' id='line_1_51' title="bbox 766 1779 1259 1855; baseline 0.012 -23"><span class='ocrx_word' id='word_1_244' title='bbox 766 1812 802 1823; x_wconf 87' lang='lat'>-</span> <span class='ocrx_word' id='word_1_245' title='bbox 813 1779 941 1855; x_wconf 69' lang='lat' dir='ltr'><strong>Effigiem</strong></span> <span class='ocrx_word' id='word_1_246' title='bbox 953 1794 1077 1836; x_wconf 73' lang='lat' dir='ltr'><strong>massam.</strong></span> <span class='ocrx_word' id='word_1_247' title='bbox 1090 1785 1125 1835; x_wconf 83' lang='lat' dir='ltr'><strong>Et</strong></span> <span class='ocrx_word' id='word_1_248' title='bbox 1139 1784 1194 1838; x_wconf 87' lang='lat' dir='ltr'><strong>hoc</strong></span> <span class='ocrx_word' id='word_1_249' title='bbox 1206 1787 1259 1838; x_wconf 85' lang='lat' dir='ltr'><strong>inte</strong></span> 
     </span>
     <span class='ocr_line' id='line_1_52' title="bbox 765 1859 1301 1932; baseline 0.013 -22"><span class='ocrx_word' id='word_1_250' title='bbox 765 1859 891 1932; x_wconf 86' lang='lat' dir='ltr'><strong>prodigia</strong></span> <span class='ocrx_word' id='word_1_251' title='bbox 900 1877 1084 1928; x_wconf 84' lang='lat' dir='ltr'><strong>numeratum,</strong></span> <span class='ocrx_word' id='word_1_252' title='bbox 1098 1866 1121 1914; x_wconf 89' lang='lat' dir='ltr'><strong>si</strong></span> <span class='ocrx_word' id='word_1_253' title='bbox 1134 1866 1301 1919; x_wconf 63' lang='grc'><strong>0000010001</strong></span> 
     </span>
     <span class='ocr_line' id='line_1_53' title="bbox 767 1939 1301 2015; baseline 0.011 -23"><span class='ocrx_word' id='word_1_254' title='bbox 767 1941 880 2010; x_wconf 84' lang='lat' dir='ltr'><strong>effigies,</strong></span> <span class='ocrx_word' id='word_1_255' title='bbox 892 1940 944 1992; x_wconf 88' lang='lat' dir='ltr'><strong>olio</strong></span> <span class='ocrx_word' id='word_1_256' title='bbox 954 1941 1043 2011; x_wconf 77' lang='lat' dir='ltr'><strong>vultu,</strong></span> <span class='ocrx_word' id='word_1_257' title='bbox 1055 1961 1138 2014; x_wconf 88' lang='lat' dir='ltr'><strong>quam</strong></span> <span class='ocrx_word' id='word_1_258' title='bbox 1148 1963 1204 2015; x_wconf 89' lang='lat' dir='ltr'><strong>quo</strong></span> <span class='ocrx_word' id='word_1_259' title='bbox 1214 1939 1301 1997; x_wconf 60' lang='lat' dir='ltr'><strong>solff</strong></span> 
     </span>
     <span class='ocr_line' id='line_1_54' title="bbox 767 2019 1301 2091; baseline 0.006 -20"><span class='ocrx_word' id='word_1_260' title='bbox 767 2033 814 2086; x_wconf 76' lang='lat' dir='ltr'><strong>tae,</strong></span> <span class='ocrx_word' id='word_1_261' title='bbox 823 2020 981 2073; x_wconf 87' lang='lat' dir='ltr'><strong>viderentur.</strong></span> <span class='ocrx_word' id='word_1_262' title='bbox 991 2022 1033 2075; x_wconf 89' lang='lat' dir='ltr'><strong>Sic</strong></span> <span class='ocrx_word' id='word_1_263' title='bbox 1040 2024 1148 2091; x_wconf 79' lang='lat' dir='ltr'><strong>Noster,</strong></span> <span class='ocrx_word' id='word_1_264' title='bbox 1153 2025 1223 2077; x_wconf 72' lang='lat' dir='ltr'><strong>silv.</strong></span> <span class='ocrx_word' id='word_1_265' title='bbox 1231 2019 1301 2077; x_wconf 61' lang='lat' dir='ltr'><strong>lv*</strong></span> 
     </span>
     <span class='ocr_line' id='line_1_55' title="bbox 767 2088 1301 2176; baseline 0.007 -24"><span class='ocrx_word' id='word_1_266' title='bbox 767 2100 800 2165; x_wconf 84' lang='lat'><strong>6,</strong></span> <span class='ocrx_word' id='word_1_267' title='bbox 818 2118 848 2170; x_wconf 84' lang='lat'><strong>7¹</strong></span> <span class='ocrx_word' id='word_1_268' title='bbox 864 2115 890 2152; x_wconf 91' lang='lat' dir='ltr'><strong>et</strong></span> <span class='ocrx_word' id='word_1_269' title='bbox 905 2088 964 2172; x_wconf 49' lang='lat' dir='ltr'><strong>sqq]</strong></span> <span class='ocrx_word' id='word_1_270' title='bbox 979 2103 1005 2152; x_wconf 94' lang='lat' dir='ltr'><strong>in</strong></span> <span class='ocrx_word' id='word_1_271' title='bbox 1023 2102 1139 2155; x_wconf 86' lang='lat' dir='ltr'><strong>Hercule</strong></span> <span class='ocrx_word' id='word_1_272' title='bbox 1153 2106 1301 2176; x_wconf 62' lang='lat' dir='ltr'><strong>Epltrap</strong></span> 
     </span>
     <span class='ocr_line' id='line_1_56' title="bbox 767 2177 1287 2253; baseline 0.013 -25"><span class='ocrx_word' id='word_1_273' title='bbox 767 2177 800 2230; x_wconf 89' lang='lat' dir='ltr'><strong>de</strong></span> <span class='ocrx_word' id='word_1_274' title='bbox 807 2178 970 2232; x_wconf 85' lang='lat' dir='ltr'><strong>Alexandro:</strong></span> <span class='ocrx_word' id='word_1_275' title='bbox 982 2201 994 2224; x_wconf 78' lang='grc' dir='ltr'>ι</span> <span class='ocrx_word' id='word_1_276' title='bbox 1001 2179 1048 2231; x_wconf 93' lang='grc'><strong>1110</strong></span> <span class='ocrx_word' id='word_1_277' title='bbox 1057 2182 1152 2248; x_wconf 82' lang='lat' dir='ltr'><strong>etiam,</strong></span> <span class='ocrx_word' id='word_1_278' title='bbox 1161 2201 1287 2253; x_wconf 72' lang='lat' dir='ltr'><strong>magno-</strong></span> 
     </span>
     <span class='ocr_line' id='line_1_57' title="bbox 766 2260 1301 2332; baseline 0.013 -22"><span class='ocrx_word' id='word_1_279' title='bbox 766 2260 827 2311; x_wconf 85' lang='lat' dir='ltr'><strong>fatis</strong></span> <span class='ocrx_word' id='word_1_280' title='bbox 852 2260 1038 2330; x_wconf 79' lang='lat' dir='ltr'><strong>rumpentibus</strong></span> <span class='ocrx_word' id='word_1_281' title='bbox 1063 2275 1157 2327; x_wconf 83' lang='lat' dir='ltr'><strong>actus,</strong></span> <span class='ocrx_word' id='word_1_282' title='bbox 1184 2265 1301 2332; x_wconf 63' lang='lat' dir='ltr'><strong>Qaurj</strong></span> 
     </span>
     <span class='ocr_line' id='line_1_58' title="bbox 767 2339 1301 2411; baseline 0.011 -21"><span class='ocrx_word' id='word_1_283' title='bbox 767 2339 882 2391; x_wconf 86' lang='lat' dir='ltr'><strong>traheret</strong></span> <span class='ocrx_word' id='word_1_284' title='bbox 892 2340 971 2391; x_wconf 87' lang='lat' dir='ltr'><strong>letale</strong></span> <span class='ocrx_word' id='word_1_285' title='bbox 983 2359 1101 2407; x_wconf 79' lang='lat' dir='ltr'><strong>merum,</strong></span> <span class='ocrx_word' id='word_1_286' title='bbox 1111 2344 1168 2411; x_wconf 86' lang='lat' dir='ltr'><strong>jam</strong></span> <span class='ocrx_word' id='word_1_287' title='bbox 1181 2342 1301 2396; x_wconf 59' lang='lat' dir='ltr'><strong>mort?-</strong></span> 
     </span>
     <span class='ocr_line' id='line_1_59' title="bbox 767 2418 1301 2488; baseline 0.004 -20"><span class='ocrx_word' id='word_1_288' title='bbox 767 2436 852 2488; x_wconf 90' lang='lat' dir='ltr'><strong>opaca</strong></span> <span class='ocrx_word' id='word_1_289' title='bbox 864 2418 942 2470; x_wconf 89' lang='lat' dir='ltr'><strong>Nube</strong></span> <span class='ocrx_word' id='word_1_290' title='bbox 955 2420 1056 2488; x_wconf 84' lang='lat' dir='ltr'><strong>gravis,</strong></span> <span class='ocrx_word' id='word_1_291' title='bbox 1067 2419 1158 2473; x_wconf 84' lang='lat' dir='ltr'><strong>vultus</strong></span> <span class='ocrx_word' id='word_1_292' title='bbox 1168 2421 1301 2475; x_wconf 65' lang='lat' dir='ltr'><strong>aliosi-1</strong></span> 
     </span>
     <span class='ocr_line' id='line_1_60' title="bbox 766 2500 1301 2573; baseline 0.011 -25"><span class='ocrx_word' id='word_1_293' title='bbox 766 2501 874 2550; x_wconf 90' lang='lat' dir='ltr'><strong>numine</strong></span> <span class='ocrx_word' id='word_1_294' title='bbox 897 2518 976 2564; x_wconf 78' lang='lat' dir='ltr'><strong>caro,</strong></span> <span class='ocrx_word' id='word_1_295' title='bbox 998 2500 1115 2571; x_wconf 84' lang='lat' dir='ltr'><strong>AEraque</strong></span> <span class='ocrx_word' id='word_1_296' title='bbox 1141 2501 1301 2573; x_wconf 66' lang='lat' dir='ltr'><strong>supremi!</strong></span> 
     </span>
     <span class='ocr_line' id='line_1_61' title="bbox 767 2576 1133 2631; baseline 0 -5"><span class='ocrx_word' id='word_1_297' title='bbox 767 2580 851 2627; x_wconf 86' lang='lat' dir='ltr'><strong>tenuit</strong></span> <span class='ocrx_word' id='word_1_298' title='bbox 865 2576 988 2628; x_wconf 85' lang='lat' dir='ltr'><strong>sudantia</strong></span> <span class='ocrx_word' id='word_1_299' title='bbox 1001 2581 1133 2631; x_wconf 66' lang='lat' dir='ltr'><strong>mensis.»</strong></span> 
     </span>
    </p>

    <p class='ocr_par' dir='ltr' id='par_1_8' title="bbox 763 2650 1298 3520">
     <span class='ocr_line' id='line_1_62' title="bbox 801 2650 1298 2728; baseline 0.016 -22"><span class='ocrx_word' id='word_1_300' title='bbox 801 2656 862 2723; x_wconf 72' lang='lat'><strong>4¹9·</strong></span> <span class='ocrx_word' id='word_1_301' title='bbox 885 2657 1027 2728; x_wconf 77' lang='lat' dir='ltr'><strong>Confusam</strong></span> <span class='ocrx_word' id='word_1_302' title='bbox 1039 2650 1298 2713; x_wconf 73' lang='lat' dir='ltr'><strong>Jnnonisebnnld</strong></span> 
     </span>
     <span class='ocr_line' id='line_1_63' title="bbox 767 2738 1285 2801; baseline 0.015 -16"><span class='ocrx_word' id='word_1_303' title='bbox 767 2748 823 2800; x_wconf 75' lang='lat' dir='ltr'><strong>est,</strong></span> <span class='ocrx_word' id='word_1_304' title='bbox 843 2748 958 2788; x_wconf 85' lang='lat' dir='ltr'><strong>statuam</strong></span> <span class='ocrx_word' id='word_1_305' title='bbox 974 2738 1086 2789; x_wconf 84' lang='lat' dir='ltr'><strong>lunonis</strong></span> <span class='ocrx_word' id='word_1_306' title='bbox 1106 2738 1285 2801; x_wconf 77' lang='lat' dir='ltr'><strong>eburneam,</strong></span> 
     </span>
     <span class='ocr_line' id='line_1_64' title="bbox 766 2814 1283 2890; baseline 0.017 -26"><span class='ocrx_word' id='word_1_307' title='bbox 766 2833 824 2885; x_wconf 86' lang='lat' dir='ltr'><strong>quae</strong></span> <span class='ocrx_word' id='word_1_308' title='bbox 835 2814 957 2885; x_wconf 77' lang='lat' dir='ltr'><strong>religiose</strong></span> <span class='ocrx_word' id='word_1_309' title='bbox 970 2815 1040 2868; x_wconf 88' lang='lat' dir='ltr'><strong>culta</strong></span> <span class='ocrx_word' id='word_1_310' title='bbox 1057 2817 1091 2868; x_wconf 91' lang='lat' dir='ltr'><strong>ab</strong></span> <span class='ocrx_word' id='word_1_311' title='bbox 1107 2819 1223 2890; x_wconf 85' lang='lat' dir='ltr'><strong>Argivis.</strong></span> <span class='ocrx_word' id='word_1_312' title='bbox 1236 2841 1283 2860; x_wconf 54' lang='lat' dir='ltr'><em>ae</em></span> 
     </span>
     <span class='ocr_line' id='line_1_65' title="bbox 768 2890 1276 2970; baseline 0.02 -28"><span class='ocrx_word' id='word_1_313' title='bbox 768 2893 920 2964; x_wconf 75' lang='lat' dir='ltr'><strong>Confusam.</strong></span> <span class='ocrx_word' id='word_1_314' title='bbox 946 2897 1024 2947; x_wconf 90' lang='lat' dir='ltr'><strong>Forte</strong></span> <span class='ocrx_word' id='word_1_315' title='bbox 1050 2895 1173 2964; x_wconf 77' lang='lat' dir='ltr'><strong>sudans,</strong></span> <span class='ocrx_word' id='word_1_316' title='bbox 1201 2890 1276 2970; x_wconf 74' lang='lat' dir='ltr'><strong>quod</strong></span> 
     </span>
     <span class='ocr_line' id='line_1_66' title="bbox 766 2974 1270 3044; baseline 0.004 -21"><span class='ocrx_word' id='word_1_317' title='bbox 766 2974 844 3024; x_wconf 87' lang='lat' dir='ltr'><strong>etiam</strong></span> <span class='ocrx_word' id='word_1_318' title='bbox 864 2975 934 3025; x_wconf 88' lang='lat' dir='ltr'><strong>inter</strong></span> <span class='ocrx_word' id='word_1_319' title='bbox 956 2986 1059 3026; x_wconf 89' lang='lat' dir='ltr'><strong>ostenta</strong></span> <span class='ocrx_word' id='word_1_320' title='bbox 1080 2975 1220 3044; x_wconf 83' lang='lat' dir='ltr'><strong>habiturn,</strong></span> <span class='ocrx_word' id='word_1_321' title='bbox 1242 2986 1270 3028; x_wconf 86' lang='lat' dir='ltr'><strong>ut</strong></span> 
     </span>
     <span class='ocr_line' id='line_1_67' title="bbox 764 3053 1268 3128; baseline 0.012 -26"><span class='ocrx_word' id='word_1_322' title='bbox 764 3071 826 3104; x_wconf 85' lang='lat' dir='ltr'><strong>mox</strong></span> <span class='ocrx_word' id='word_1_323' title='bbox 841 3053 955 3105; x_wconf 87' lang='lat' dir='ltr'><strong>vidimus</strong></span> <span class='ocrx_word' id='word_1_324' title='bbox 977 3072 1007 3105; x_wconf 86' lang='lat' dir='ltr'><strong>ex</strong></span> <span class='ocrx_word' id='word_1_325' title='bbox 1026 3054 1144 3106; x_wconf 79' lang='lat' dir='ltr'><strong>Hercule</strong></span> <span class='ocrx_word' id='word_1_326' title='bbox 1164 3057 1268 3128; x_wconf 84' lang='lat' dir='ltr'><strong>Epitra-</strong></span> 
     </span>
     <span class='ocr_line' id='line_1_68' title="bbox 764 3132 1264 3207; baseline 0.008 -25"><span class='ocrx_word' id='word_1_327' title='bbox 764 3134 852 3202; x_wconf 87' lang='lat' dir='ltr'><strong>pezio‚</strong></span> <span class='ocrx_word' id='word_1_328' title='bbox 863 3145 888 3184; x_wconf 90' lang='lat' dir='ltr'><strong>et</strong></span> <span class='ocrx_word' id='word_1_329' title='bbox 897 3132 981 3184; x_wconf 86' lang='lat' dir='ltr'><strong>Theb.</strong></span> <span class='ocrx_word' id='word_1_330' title='bbox 994 3135 1036 3197; x_wconf 74' lang='lat' dir='ltr'><strong>lv,</strong></span> <span class='ocrx_word' id='word_1_331' title='bbox 1048 3133 1116 3203; x_wconf 80' lang='grc'><strong>374,</strong></span> <span class='ocrx_word' id='word_1_332' title='bbox 1128 3147 1195 3187; x_wconf 88' lang='lat' dir='ltr'><strong>tom.</strong></span> <span class='ocrx_word' id='word_1_333' title='bbox 1204 3152 1264 3207; x_wconf 76' lang='lat' dir='ltr'><strong>pra·</strong></span> 
     </span>
     <span class='ocr_line' id='line_1_69' title="bbox 764 3209 1263 3284; baseline 0.008 -24"><span class='ocrx_word' id='word_1_334' title='bbox 764 3209 821 3261; x_wconf 91' lang='lat' dir='ltr'><strong>ced.</strong></span> <span class='ocrx_word' id='word_1_335' title='bbox 837 3228 897 3280; x_wconf 87' lang='lat' dir='ltr'><strong>pag.</strong></span> <span class='ocrx_word' id='word_1_336' title='bbox 912 3211 980 3276; x_wconf 68' lang='lat'>412:</span> <span class='ocrx_word' id='word_1_337' title='bbox 1003 3213 1093 3261; x_wconf 76' lang='lat' dir='ltr'><strong>«Nam</strong></span> <span class='ocrx_word' id='word_1_338' title='bbox 1111 3212 1263 3284; x_wconf 74' lang='lat' dir='ltr'><strong>Tyrios-su·</strong></span> 
     </span>
     <span class='ocr_line' id='line_1_70' title="bbox 763 3287 1263 3363; baseline 0.012 -25"><span class='ocrx_word' id='word_1_339' title='bbox 763 3287 841 3339; x_wconf 87' lang='lat' dir='ltr'><strong>dasse</strong></span> <span class='ocrx_word' id='word_1_340' title='bbox 849 3289 940 3340; x_wconf 77' lang='lat' dir='ltr'><strong>lares.»</strong></span> <span class='ocrx_word' id='word_1_341' title='bbox 951 3292 1263 3363; x_wconf 72' lang='lat' dir='ltr'><strong>En-Maqine&#39;llocre-</strong></span> 
     </span>
     <span class='ocr_line' id='line_1_71' title="bbox 763 3367 1262 3439; baseline 0.016 -22"><span class='ocrx_word' id='word_1_342' title='bbox 763 3368 849 3418; x_wconf 89' lang='lat' dir='ltr'><strong>fertur</strong></span> <span class='ocrx_word' id='word_1_343' title='bbox 863 3367 897 3419; x_wconf 88' lang='lat' dir='ltr'><strong>ad</strong></span> <span class='ocrx_word' id='word_1_344' title='bbox 909 3370 1040 3420; x_wconf 85' lang='lat' dir='ltr'><strong>taurinam</strong></span> <span class='ocrx_word' id='word_1_345' title='bbox 1050 3373 1168 3439; x_wconf 84' lang='lat' dir='ltr'><strong>speciem</strong></span> <span class='ocrx_word' id='word_1_346' title='bbox 1175 3371 1262 3424; x_wconf 67' lang='grc'><strong>610101-</strong></span> 
     </span>
     <span class='ocr_line' id='line_1_72' title="bbox 763 3447 1052 3520; baseline 0.003 -22"><span class='ocrx_word' id='word_1_347' title='bbox 763 3466 841 3514; x_wconf 81' lang='lat' dir='ltr'><strong>num⁷</strong></span> <span class='ocrx_word' id='word_1_348' title='bbox 853 3447 886 3501; x_wconf 87' lang='lat' dir='ltr'><strong>de</strong></span> <span class='ocrx_word' id='word_1_349' title='bbox 899 3468 952 3520; x_wconf 86' lang='lat' dir='ltr'><strong>qua</strong></span> <span class='ocrx_word' id='word_1_350' title='bbox 962 3467 1052 3520; x_wconf 83' lang='lat' dir='ltr'><strong>supra.</strong></span> 
     </span>
    </p>

    <p class='ocr_par' dir='ltr' id='par_1_9' title="bbox 761 3517 1284 3817">
     <span class='ocr_line' id='line_1_73' title="bbox 798 3517 1284 3592; baseline 0.014 -14"><span class='ocrx_word' id='word_1_351' title='bbox 798 3527 859 3592; x_wconf 71' lang='grc'><strong>400.</strong></span> <span class='ocrx_word' id='word_1_352' title='bbox 878 3529 1006 3580; x_wconf 79' lang='lat' dir='ltr'><strong>Inachon.</strong></span> <span class='ocrx_word' id='word_1_353' title='bbox 1032 3529 1148 3582; x_wconf 70' lang='lat' dir='ltr'><strong>Inachus</strong></span> <span class='ocrx_word' id='word_1_354' title='bbox 1166 3517 1284 3584; x_wconf 64' lang='grc' dir='ltr'><strong>ἱ1100100Ι</strong></span> 
     </span>
     <span class='ocr_line' id='line_1_74' title="bbox 763 3605 1263 3675; baseline 0.022 -20"><span class='ocrx_word' id='word_1_355' title='bbox 763 3605 902 3675; x_wconf 89' lang='lat' dir='ltr'><strong>Argolidis.</strong></span> <span class='ocrx_word' id='word_1_356' title='bbox 915 3638 951 3647; x_wconf 93' lang='lat'>-</span> <span class='ocrx_word' id='word_1_357' title='bbox 965 3609 1070 3660; x_wconf 80' lang='lat' dir='ltr'><strong>Gemini</strong></span> <span class='ocrx_word' id='word_1_358' title='bbox 1079 3611 1263 3665; x_wconf 57' lang='lat' dir='ltr'><strong>marisiaco&amp;-</strong></span> 
     </span>
     <span class='ocr_line' id='line_1_75' title="bbox 762 3684 1265 3760; baseline 0.018 -25"><span class='ocrx_word' id='word_1_359' title='bbox 762 3684 793 3735; x_wconf 93' lang='lat' dir='ltr'><strong>ld</strong></span> <span class='ocrx_word' id='word_1_360' title='bbox 808 3699 862 3752; x_wconf 85' lang='lat' dir='ltr'><strong>est,</strong></span> <span class='ocrx_word' id='word_1_361' title='bbox 877 3687 966 3739; x_wconf 87' lang='lat' dir='ltr'><strong>incola</strong></span> <span class='ocrx_word' id='word_1_362' title='bbox 979 3687 1086 3754; x_wconf 77' lang='lat' dir='ltr'><strong>Isthmi,</strong></span> <span class='ocrx_word' id='word_1_363' title='bbox 1102 3689 1229 3760; x_wconf 85' lang='lat' dir='ltr'><strong>quihinc</strong></span> <span class='ocrx_word' id='word_1_364' title='bbox 1241 3704 1265 3744; x_wconf 81' lang='lat' dir='ltr'><strong>et</strong></span> 
     </span>
     <span class='ocr_line' id='line_1_76' title="bbox 761 3762 1029 3817; baseline 0.015 -4"><span class='ocrx_word' id='word_1_365' title='bbox 761 3763 901 3815; x_wconf 87' lang='lat' dir='ltr'><strong>inde-mari</strong></span> <span class='ocrx_word' id='word_1_366' title='bbox 914 3762 1029 3817; x_wconf 87' lang='lat' dir='ltr'><strong>alluitur.</strong></span> 
     </span>
    </p>

    <p class='ocr_par' dir='ltr' id='par_1_10' title="bbox 759 3843 1291 4152">
     <span class='ocr_line' id='line_1_77' title="bbox 798 3843 1264 3918; baseline 0.024 -25"><span class='ocrx_word' id='word_1_367' title='bbox 798 3843 858 3908; x_wconf 78' lang='grc'><strong>400.</strong></span> <span class='ocrx_word' id='word_1_368' title='bbox 880 3845 1031 3896; x_wconf 81' lang='lat' dir='ltr'><strong>Thebanum</strong></span> <span class='ocrx_word' id='word_1_369' title='bbox 1047 3857 1100 3897; x_wconf 83' lang='lat' dir='ltr'><strong>toto</strong></span> <span class='ocrx_word' id='word_1_370' title='bbox 1116 3846 1264 3918; x_wconf 64' lang='lat' dir='ltr'><strong>planitiae,</strong></span> 
     </span>
     <span class='ocr_line' id='line_1_78' title="bbox 761 3918 1291 3999; baseline 0.011 -27"><span class='ocrx_word' id='word_1_371' title='bbox 761 3933 813 3973; x_wconf 85' lang='lat' dir='ltr'><strong>etc.</strong></span> <span class='ocrx_word' id='word_1_372' title='bbox 825 3925 888 3993; x_wconf 88' lang='lat' dir='ltr'><strong>Reg.</strong></span> <span class='ocrx_word' id='word_1_373' title='bbox 899 3925 935 3988; x_wconf 91' lang='grc' dir='ltr'><strong>Β,</strong></span> <span class='ocrx_word' id='word_1_374' title='bbox 948 3918 1074 3975; x_wconf 75' lang='lat' dir='ltr'><strong>Thebano</strong></span> <span class='ocrx_word' id='word_1_375' title='bbox 1085 3932 1179 3978; x_wconf 75' lang='lat' dir='ltr'><strong>ret-toto</strong></span> <span class='ocrx_word' id='word_1_376' title='bbox 1189 3928 1268 3999; x_wconf 76' lang='lat' dir='ltr'><strong>plaa-</strong></span> <span class='ocrx_word' id='word_1_377' title='bbox 1283 3944 1291 3953; x_wconf 91' lang='lat'><strong>·</strong></span> 
     </span>
     <span class='ocr_line' id='line_1_79' title="bbox 759 4001 1267 4075; baseline 0.014 -22"><span class='ocrx_word' id='word_1_378' title='bbox 759 4002 823 4054; x_wconf 77' lang='lat' dir='ltr'><strong>xisse</strong></span> <span class='ocrx_word' id='word_1_379' title='bbox 834 4001 955 4065; x_wconf 85' lang='lat' dir='ltr'><strong>exhibet;</strong></span> <span class='ocrx_word' id='word_1_380' title='bbox 971 4003 1034 4075; x_wconf 85' lang='lat' dir='ltr'><strong>Reg.</strong></span> <span class='ocrx_word' id='word_1_381' title='bbox 1045 4002 1089 4072; x_wconf 76' lang='grc' dir='ltr'><strong>Ὀ,</strong></span> <span class='ocrx_word' id='word_1_382' title='bbox 1111 4006 1267 4071; x_wconf 73' lang='lat' dir='ltr'><strong>Thebanam</strong></span> 
     </span>
     <span class='ocr_line' id='line_1_80' title="bbox 759 4080 1254 4152; baseline 0.006 -20"><span class='ocrx_word' id='word_1_383' title='bbox 759 4081 969 4152; x_wconf 80' lang='lat' dir='ltr'><strong>vastoplanxine</strong></span> <span class='ocrx_word' id='word_1_384' title='bbox 980 4080 1067 4134; x_wconf 69' lang='lat' dir='ltr'><strong>habet.</strong></span> <span class='ocrx_word' id='word_1_385' title='bbox 1081 4081 1141 4141; x_wconf 61' lang='lat' dir='ltr'><strong>En.</strong></span> <span class='ocrx_word' id='word_1_386' title='bbox 1235 4106 1254 4123; x_wconf 54' lang='grc' dir='ltr'><em>τ</em></span> 
     </span>
    </p>
   </div>
   <div class='ocr_carea' id='block_1_7' title="bbox 0 0 1312 4792">
    <p class='ocr_par' dir='ltr' id='par_1_11' title="bbox 0 0 1312 4792">
     <span class='ocr_line' id='line_1_81' title="bbox 0 0 1312 4792; baseline 0 1"><span class='ocrx_word' id='word_1_387' title='bbox 0 0 1312 4792; x_wconf 95' lang='lat' dir='ltr'><strong> </strong></span> 
     </span>
    </p>
   </div>
  </div>
 </body>
</html>
