2616 4792
198 149 240 191 ro
432 123 468 183 P.
495 123 529 184 P.
554 119 710 191 STATII
733 119 1010 189 THEBAIDOS

243 248 435 317 Innumeris
448 248 568 339 strepit
578 244 657 315 aula
667 246 791 313 Minis:
804 247 1000 315 tristissima
1011 250 1129 319 Virtus

242 365 312 430 Stat
322 357 450 442 medio,
462 358 627 453 laetusque
639 362 763 440 Furor3
774 355 940 450 vultuque
952 375 1099 428 cruento

241 478 336 541 Mors
346 487 477 541 armata
486 469 581 541 sedet
593 496 601 535 :
614 466 782 537 bellorum
794 466 888 538 solus
898 472 936 540 in
946 471 1023 541 aris.

243 586 400 675 Sanguis,
413 600 447 652 et
458 583 605 652 incensis
618 582 677 672 qui
687 597 805 672 raptus
819 581 861 649 eb
872 580 1017 652 urbibus
1024 585 1127 675 ignis.

241 700 425 765 Terrarum
437 697 567 765 exuvie
579 693 773 774 circum,.et
784 692 917 783 fastigia
927 693 1047 784 templi
1214 708 1269 758 5>

242 809 356 898 Gaptae
368 803 577 895 insignibant
589 816 705 892 gentes
716 853 726 884 ,
736 801 923 896 oaelataque
933 802 1024 871 ferro

241 918 422 1007 Fragmina
433 927 609 1004 portarum
620 964 629 992 ,
642 909 906 1008 bellatricesque
914 916 1056 994 carinae,

241 1029 284 1091 Et
296 1025 392 1092 vacui
403 1046 541 1104 currus,
552 1025 762 1118 protritaque
775 1023 930 1094 curribus
943 1048 1028 1096 ora..

242 1138 341 1200 Paene
354 1136 454 1200 etiam
466 1135 626 1223 gemitus3
641 1130 727 1201 adeo
739 1136 790 1202 vis
803 1136 930 1218 omnis,
944 1150 978 1200 et
988 1157 1090 1201 omne

243 1243 528 1339 Vulnuslubique
538 1245 739 1338 ipsum‚sed
749 1270 819 1313 non
829 1269 975 1340 usquam
985 1269 1043 1312 ore
1053 1247 1197 1313 remisso
1220 1280 1227 1302 ·

241 1358 386 1421 Cernere
397 1371 488 1422 erat:
502 1355 605 1423 talem
617 1354 733 1423 divina
743 1355 911 1423 Mulciber
922 1371 994 1424 arte

180 1526 325 1580 ,mortibus
347 1528 483 1599 gratulari.
507 1530 564 1582 Sive
589 1542 700 1600 propter
744 1543 794 1581 tur.
805 1529 854 1582 Vel
864 1529 999 1598 hiccaptoe
1006 1526 1239 1600 gentessignifican

163 1652 165 1658 .
193 1609 305 1660 fratres:
320 1611 421 1679 quiain
435 1609 571 1662 hocbello
585 1610 699 1670 maxime
743 1610 858 1678 insignia
871 1610 1002 1660 victarum
1019 1607 1155 1680 gentium,
1169 1606 1241 1669 :utsi

193 1680 306 1740 fratrum
317 1688 449 1741 discordia
463 1688 606 1760 praeliatur.
621 1688 698 1740 Lacr.
743 1707 809 1759 gna,
824 1686 925 1739 vexilla.

230 1766 273 1819 51.
298 1769 452 1822 Tristissima
476 1769 570 1822 Virtus.
596 1769 652 1819 Etsi
672 1769 700 1818 in
781 1771 824 1823 58.
847 1771 907 1822 Ονα.
920 1769 1202 1837 Mortuorumcapitn.

193 1865 284 1918 pugna
301 1851 414 1901 maxime
428 1849 638 1913 mittaturne,
652 1865 700 1898 seu
782 1849 824 1919 59.
843 1850 924 1900 Poene
939 1848 1020 1899 etiarn
1035 1845 1169 1920 gemitus.-
1189 1845 1306 1898 ader

193 1927 340 1997 fortitudo,
358 1929 530 1980 tristissimam
548 1941 638 1979 tamen
650 1947 700 1979 vo·
747 1930 783 1982 vis
789 1930 888 1997 munis,
895 1939 1011 1982 etomne.
1017 1927 1177 1981 Penestiam
1186 1939 1299 1979 uter!

194 2019 238 2059 cat
256 2006 290 2058 ob
310 2008 427 2060 effusum
444 2007 615 2078 sanguinem
637 2003 701 2056 dum
746 2028 798 2081 qne
811 2007 905 2061 Behot.
926 2020 951 2059 et
969 2004 1092 2058 nonnulli
1105 2004 1278 2059 Barthinniae

192 2087 271 2138 furor
281 2087 317 2139 ob
331 2086 438 2141 easdem
450 2099 552 2158 strages
564 2086 638 2139 laenu
651 2098 699 2138 est.
746 2088 818 2139 Pene
832 2105 881 2158 pro
895 2107 920 2139 v.
936 2086 954 2137 l.
968 2087 997 2136 in
1012 2101 1094 2155 marg.
1109 2083 1208 2138 Behot.
1224 2103 1279 2152 a,

231 2165 274 2218 53.
293 2167 412 2220 Armate.
430 2169 502 2236 Quia
515 2170 544 2219 in
561 2166 633 2219 bello
647 2167 701 2218 vita
746 2168 831 2220 omnis
850 2167 885 2218 ad
902 2184 983 2217 omne
999 2163 1140 2230 Barthiu8‚
1159 2165 1217 2235 qui.
1228 2166 1279 2216 ir»

196 2247 275 2295 armis
290 2247 407 2316 eripitur.
645 2281 652 2293 ·
744 2245 855 2297 Advers.
873 2244 973 2315 legerat
990 2245 1086 2295 etiam:
1104 2243 1203 2297 aderat
1219 2241 1285 2295 vif

232 2320 274 2373 55.
296 2323 435 2375 Terrarum
444 2327 559 2388 exuviae,
572 2326 701 2375 etc.'1'an·
747 2325 831 2376 omnis
843 2336 869 2375 et
879 2342 964 2376 omne.
976 2353 1013 2362 -
1023 2324 1104 2376 Poene
1114 2322 1199 2374 etiam
1209 2342 1274 2397 ρον

195 2399 702 2473 gitrnoremvictorum,quoarmahel·
746 2399 832 2452 mitur.
856 2402 892 2450 Ut
913 2401 1043 2472 superiori
1062 2416 1142 2452 versu
1164 2403 1275 2472 capita

194 2477 301 2549 lioaqua
314 2481 488 2531 instrumenta
502 2479 626 2532 hostibus
643 2497 702 2530 ere·
747 2492 913 2559 mortuorum
930 2481 1049 2550 exposita
1064 2476 1146 2547 dixit,
1161 2481 1201 2530 sic
1216 2481 1272 2531 in-

195 2572 243 2630 pta
258 2560 287 2610 iu
301 2561 405 2631 templis
421 2559 529 2613 visenda
541 2579 702 2632 proponun-
746 2559 890 2610 nuittnnto
902 2559 1014 2611 artificio
1025 2558 1083 2610 baec
1096 2559 1188 2611 omnia
1202 2559 1270 2610 ellit

194 2651 247 2704 tur,
260 2650 291 2688 ut
302 2640 501 2708 signarictoriae
512 2656 543 2690 ac
556 2637 702 2710 triumpho·
746 2649 791 2691 cta
809 2639 906 2705 fuisse,
923 2650 953 2690 ut
972 2639 1052 2690 etiam
1069 2637 1121 2708 ipsi
1139 2639 1267 2706 gemitum

191 2717 531 2787 ·rum.SioVirg.AEn.'Vll‚
544 2717 593 2771 183
606 2730 701 2790 etsqq.
745 2736 820 2788 paene
844 2717 1008 2770 audirentur.
1030 2717 1161 2769 Ceterum
1182 2716 1262 2770 hunc

189 2795 576 2868 -amultaquepraetereasacris
585 2799 611 2848 in
620 2799 701 2868 posti-
745 2811 885 2852 versumet
894 2809 1158 2870 quatuorsequentes
1167 2800 1264 2869 rejicit

195 2873 248 2926 bus
257 2893 344 2943 arma,
353 2877 456 2946 Captivi
464 2875 584 2947 pendent
592 2894 700 2944 currus,
737 2892 776 2930 ut
789 2880 973 2950 supposititios
989 2879 1124 2949 (inpetus,
1139 2875 1259 2930 nullum·

189 2973 333 3026 ·curvaeque
357 2975 480 3023 secures,
496 2958 530 3009 Et
548 2959 634 3010 cristae
655 2975 701 3008 oa·
747 2976 798 3030 que
813 2961 893 3010 aitex
907 2959 938 3010 iis
955 2958 1057 3009 bonum
1074 2973 1185 3008 sensum
1200 2955 1258 3009 erui

196 3034 702 3106 pitum‚etportarumingentiaclaus·
737 3056 846 3109 posse:
870 3039 899 3088 in
922 3056 977 3108 quo
998 3035 1112 3098 fallitur3
1137 3036 1257 3106 optimus

196 3120 257 3180 trit,
278 3112 452 3183 spiculaque,
471 3113 621 3185 clipeique,
642 3132 702 3168 ere·
747 3119 819 3168 enim
834 3127 881 3169 est.

166 3236 173 3247 .
195 3205 298 3264 ptaque
316 3205 403 3244 rostra
416 3193 521 3247 cannis.
534 3217 545 3242 a
560 3192 604 3246 Ad
622 3212 702 3264 quern
761 3236 763 3243 .
781 3197 825 3248 60.
849 3193 948 3267 Ubique
963 3194 1066 3266 ipsum,
1083 3189 1128 3244 sed
1144 3209 1201 3244 non
1215 3210 1254 3244 us·

196 3270 289 3324 locum
302 3271 465 3324 not..ridere
482 3292 568 3343 operae
586 3275 703 3344 pretium
740 3291 828 3346 *quam
843 3291 888 3325 ore
902 3272 1016 3326 remisso.
1029 3270 1103 3322 Idem
1114 3268 1252 3323 Barthius:

198 3365 239 3403 est
250 3364 320 3405 nost.
336 3350 379 3403 ed.
391 3363 455 3402 tom.
470 3351 562 3423 111‚p.
576 3353 638 3420 ²7⁵·
655 3355 701 3404 Eo.
746 3353 851 3408 sednon
858 3372 937 3426 ungue
944 3371 1042 3405 ore.-
1052 3351 1152 3422 Ubique
1159 3349 1252 3422 ipsum.

234 3430 278 3482 56.
308 3432 395 3502 capre
419 3429 582 3502 insignibant
606 3441 703 3503 pentes.
744 3427 1254 3501 subaudis,«Martemputarestnubi-

197 3506 263 3579 Ileg.
277 3512 310 3576 B,
322 3510 489 3584 insignabant
502 3509 585 3565 habet
599 3529 661 3563 curn
671 3509 704 3562 li-
742 3531 800 3583 ⁴qua
813 3509 933 3577 simulat,
944 3529 1077 3582 nusquam
1088 3521 1178 3561 tamen
1189 3506 1254 3559 hila·

198 3588 276 3639 terni
285 3605 365 3660 super
374 3609 391 3641 a
402 3591 516 3662 scriptu
525 3593 590 3660 Reg.
602 3589 622 3640 C
632 3601 702 3642 nost.
748 3592 820 3642 riore
831 3589 905 3641 vultu
918 3591 1089 3660 conspicitur.
1109 3588 1240 3640 Lacutur.

157 3683 161 3693 ’
198 3665 259 3720 lect.
273 3667 704 3746 Eu--Cnptoeintignibantqen-
784 3667 827 3719 61.
847 3667 984 3720 Mulciber.
992 3667 1127 3720 Vulcanus
1137 3666 1255 3718 Deoium

200 3755 244 3798 tes.
265 3746 299 3797 Et
316 3742 370 3796 hoc
391 3765 423 3799 ex
439 3768 528 3815 more,
546 3761 577 3800 ut
593 3747 705 3816 fastigiis
749 3745 834 3797 faber.
854 3774 890 3784 -
910 3744 1041 3801 Mulciber
1060 3756 1123 3796 arte.
1142 3743 1255 3808 Vulcani

200 3822 361 3896 templorum
370 3839 472 3895 ¹gentes
490 3831 565 3881 victae
583 3827 706 3880 caelaren·
750 3824 934 3876 Architectura
947 3827 1065 3876 omnium
1077 3823 1207 3876 domuum
1217 3821 1255 3874 di·
