2616 4792
201 384 242 446 32
436 381 472 443 P.
499 380 534 442 P.
560 376 715 444 STATll
740 379 1018 445 THEBAIDOS

246 503 414 574 Schoenon
425 503 570 584 hahent,
582 505 721 597 notique
733 500 851 570 colunt
862 504 1003 595 vestigia
1013 507 1136 597 campi.

245 619 426 685 Fraxineas
440 614 572 682 vibrant
584 619 755 681 Macetum
767 610 810 680 de
822 636 918 681 more
929 615 1089 698 sarissas,

246 731 405 822 Saevaque
416 725 570 794 difficiles
583 723 761 792 excludere
774 723 913 792 vulnera
925 722 1045 817 peltas.

292 841 377 905 Ecce
389 852 503 903 autem
515 832 662 902 clamore
675 849 779 899 ruunt
792 835 960 926 Neptunia
970 831 1092 926 plebes

245 946 424 1029 Onchesti,
438 967 523 1040 quos
535 944 695 1037 pinigeris
708 939 914 1034 Mycalessos
926 943 962 1008 in
973 945 1079 1034 agris,

199 1134 267 1185 Dan.
284 1122 372 1185 Petav.
387 1129 566 1201 Lindenbrog.
583 1143 609 1181 et
623 1130 702 1182 Cruo.

199 1210 405 1282 Athalutcmque
420 1208 513 1261 Behot.
532 1226 555 1275 1,
569 1209 703 1261 Athalari-

201 1301 319 1360 teamque
330 1287 421 1337 Behot.
437 1304 461 1337 2.
475 1314 509 1326 -
519 1287 581 1356 lieg.
594 1288 627 1352 B,
639 1288 703 1339 Ata·

201 1368 369 1437 lacteamque
377 1363 469 1428 habet3
478 1365 541 1435 Reg.
550 1365 704 1434 C,Athlan·

201 1460 328 1518 teumque.
342 1450 387 1497 En.
399 1476 436 1485 -
448 1445 538 1518 Hyles.
551 1447 617 1520 Hyle
629 1447 704 1500 locus

200 1528 228 1577 in
240 1527 353 1589 Boeotia,
369 1539 399 1576 ut
411 1545 442 1577 ex
456 1525 579 1578 hocloco
593 1540 618 1579 et
630 1526 705 1578 Stra·

200 1603 271 1654 hone
290 1617 404 1655 constat.
423 1605 537 1671 Quidam
556 1619 644 1656 tamen
663 1605 706 1656 di-

200 1697 264 1735 cunt
277 1701 333 1734 esse
346 1684 439 1735 urbem
455 1684 587 1737 Phocidis.
600 1688 664 1737 Erat
677 1687 704 1737 in

200 1763 287 1834 Cypro
306 1762 369 1813 urbs
389 1764 508 1832 ejusdem
528 1766 652 1816 nominis.
670 1797 705 1810 -ι

200 1841 431 1913 Atalantaeamque
455 1845 555 1914 superbi
576 1844 705 1896 Sclieenon

202 1921 304 1974 habent.
321 1923 449 1975 Schoinos
468 1923 531 1974 urbs
550 1926 669 1989 Boeotiae,
690 1944 705 1975 a

201 2002 315 2057 Schoeno
334 2004 459 2055 Atalante
477 2018 553 2076 patre
569 2007 606 2056 sic
626 2004 705 2055 dicta.

201 2082 328 2135 Schoenos
340 2103 400 2135 vero
411 2084 497 2134 Plinio
508 2098 534 2136 et
543 2083 618 2134 stela
626 2083 705 2136 Sinus

201 2162 708 2227 marisDoridis.Strabolib.1X‚Schoe·

202 2261 257 2294 non
270 2237 350 2309 χόριν
364 2243 403 2297 aila
418 2243 538 2302 Oassaruir
553 2255 647 2308 vocat,
661 2242 708 2293 ubi

203 2335 229 2373 et
250 2321 329 2395 Hyle,
351 2335 377 2373 et
395 2321 568 2393 praecedentis
586 2323 708 2393 proxime

202 2401 274 2452 Scoli
288 2403 414 2452 meminit.
428 2399 539 2453 Fallitur
553 2403 707 2467 Geranios,

204 2481 250 2548 qui
258 2480 389 2530 Schoenon
398 2480 462 2530 dicit
470 2500 527 2532 esse
535 2480 653 2531 Arcadiae
664 2499 709 2551 op·

203 2555 311 2626 pidum:
327 2576 387 2606 nam
401 2559 517 2610 Arcades
530 2560 710 2630 sequebantur

204 2647 294 2704 partes
306 2636 478 2704 Argivorum,
493 2637 600 2687 Schoeni
616 2635 710 2686 incolae

204 2713 402 2765 Thebanorum.
425 2715 497 2766 Duas
519 2727 608 2764 autem
627 2715 710 2764 fuisse

204 2794 343 2845 Atalantes
351 2808 469 2859 constat,
479 2808 509 2846 ut
515 2798 570 2864 jam
580 2793 709 2845 diximus:

187 2881 285 2925 'unam
301 2873 442 2924 Arcadiam
457 2875 638 2945 Parthenopaei
652 2894 710 2925 rna-

205 2968 287 3016 trem;
299 2955 408 3006 alteram
417 2942 496 3023 vero,
506 2975 537 3006 ex
548 2955 613 3006 urhe
624 2955 712 3007 Schoe-

206 3055 256 3102 no,
267 3055 348 3106 quam
359 3037 539 3105 Hippomenes
550 3054 630 3087 cursu
639 3039 711 3088 vicit.

243 3114 302 3166 268.
327 3113 457 3166 Schoenon
479 3113 581 3164 habent.
603 3115 713 3166 Schiron

206 3195 300 3247 Behot.
321 3213 343 3261 r,
359 3196 449 3248 Sciron
466 3194 558 3246 Behot.
577 3214 606 3261 a,
621 3211 647 3249 et
661 3217 712 3268 pro

207 3296 231 3328 v.
243 3275 261 3326 l.
273 3275 380 3326 Scinon.
395 3304 429 3314 -
440 3275 555 3347 Notique
569 3275 661 3328 colunt
672 3295 712 3328 ve·

206 3354 281 3429 stipiu
291 3355 379 3424 campi
384 3376 393 3414 ,·
403 3352 526 3404 habitant
536 3374 592 3405 cam
596 3375 673 3426 pum,
685 3358 712 3406 in

208 3434 262 3506 quo
277 3432 377 3484 scilicet
392 3432 495 3485 solebat
509 3433 633 3485 Atalanta
652 3454 712 3486 curn

207 3515 298 3583 procis
311 3531 391 3564 cursu
406 3511 576 3564 contendere.

246 3593 306 3662 269.
325 3593 466 3643 Fraxineas
477 3592 525 3642 vib.
538 3593 671 3643 Macetum
682 3595 713 3646 de

1201 703 1300 809 ψ)

747 1140 832 1182 cetum
849 1130 952 1183 vibrant
965 1129 997 1183 de
1011 1149 1085 1184 more
1100 1131 1191 1184 sarisas
1207 1129 1249 1182 ha·

747 1208 806 1272 het3
817 1211 881 1281 Reg.
891 1212 926 1277 C,
936 1210 1077 1263 Macedum
1086 1211 1200 1263 exhibet.
1208 1212 1252 1262 En.

748 1317 784 1327 -
791 1288 934 1341 Macetum.
946 1292 1068 1357 Macetae,
1077 1310 1126 1343 seu
1133 1290 1252 1343 Macedo·

748 1386 796 1419 nes
807 1370 903 1440 populi
917 1371 1036 1435 Graeciae,
1052 1369 1117 1421 solis
1131 1369 1253 1441 Philippo

751 1460 776 1498 et
783 1448 936 1500 Alexandro
944 1452 1042 1520 Magno
1051 1452 1194 1502 notissimi.
1202 1452 1255 1501 Ma·

750 1526 862 1579 cedonia
874 1547 950 1595 vero,
960 1528 1032 1580 unde
1042 1530 1207 1582 Macedones
1218 1527 1256 1579 di·

750 1607 921 1677 cti‚Europae
928 1606 1118 1677 regiocelehris
1126 1610 1256 1659 catilano

750 1683 786 1735 ad
798 1684 1020 1756 Septemtrionem
1032 1699 1161 1737 montana
1173 1704 1188 1736 a
1199 1685 1257 1739 Dal·

751 1765 830 1814 matia
843 1765 985 1834 Marsisque
1001 1763 1145 1829 dirimunt3
1158 1764 1193 1816 ab
1205 1768 1259 1819 Oc·

750 1860 815 1894 casu
831 1843 900 1894 Mari
916 1845 1008 1909 Ionio,
1029 1843 1063 1895 ab
1082 1847 1151 1897 Ortu
1171 1847 1259 1916 AEgaeo

751 1922 866 1973 alluitur.
883 1923 1059 1975 Meridianam
1072 1943 1147 1975 oram
1163 1927 1260 1996 Epiro-

750 2003 808 2053 ticae
816 2016 922 2072 gentes,
935 2016 961 2053 et
971 2005 1028 2073 ipsa
1039 2003 1139 2054 Graecia
1153 2006 1258 2074 excipit.

752 2081 884 2134 AEmathia
906 2095 966 2132 ante
990 2081 1061 2133 dicta
1080 2084 1151 2150 fuir,
1175 2084 1260 2136 Plinio

752 2175 779 2213 et
790 2161 879 2231 Trogo
892 2161 1014 2214 testibus.
1028 2164 1160 2214 Paeoniam
1172 2166 1260 2235 primo

751 2254 872 2291 vocatam
880 2240 1262 2308 scribitLiviuslib.XL‚dein·

753 2319 787 2371 de
800 2321 947 2370 AEmoniam
957 2338 965 2370 t
977 2321 1041 2370 item
1049 2319 1155 2372 Edouia
1167 2334 1193 2373 et
1206 2324 1262 2373 Pie·

754 2402 792 2452 ria
806 2400 913 2452 Solinus
934 2402 1014 2451 etiam
1029 2401 1159 2452 Boeotiam
1174 2421 1262 2475 quon·

754 2479 814 2530 dam
840 2479 938 2530 dictam
959 2482 1064 2550 Trogus
1085 2480 1173 2531 docet.
1196 2482 1261 2552 Ejus

754 2575 855 2631 partem
868 2559 990 2612 Maasalur
1005 2560 1152 2633 Hesychius
1164 2575 1191 2614 et
1202 2564 1262 2614 Ste-

753 2638 860 2709 phanus
880 2639 1032 2707 appellant,
1053 2654 1079 2690 et
1097 2639 1158 2692 inde
1179 2654 1263 2693 totam

755 2719 889 2787 regionem
900 2738 997 2770 nomen
1008 2724 1115 2772 traxisse
1125 2723 1206 2773 refert
1211 2724 1262 2774 Eu·

755 2795 1262 2868 stathiusinDionysiumvidePlinium

756 2877 789 2925 H.
803 2876 835 2925 N.
848 2877 892 2940 lv,
906 2895 964 2947 cap.
980 2895 1026 2940 103
1040 2877 1094 2929 Liv.
1108 2877 1154 2930 lib.
1164 2879 1226 2945 XL,
1236 2891 1263 2930 et

756 2957 835 3007 XLV.
846 2986 876 2997 -
886 2957 1003 3009 Sarissus.
1017 2958 1198 3010 Macedonum
1208 2959 1264 3011 lau·

758 3056 827 3089 ceas.
848 3039 905 3089 Hoc
927 3040 996 3087 enirn
1017 3041 1125 3090 nomine
1144 3039 1196 3090 tela
1214 3058 1263 3091 sua

757 3118 932 3187 ipsiusgentis
940 3116 1061 3167 homines
1069 3131 1174 3169 vocant.
1185 3117 1262 3170 Unde

757 3199 856 3249 Lucan.
872 3197 963 3248 Phars.
979 3199 1051 3260 Vlll,
1071 3198 1139 3267 398:
1163 3200 1263 3251 «Primi

757 3278 863 3329 Pellaeas
878 3297 941 3328 arcu
955 3277 1058 3346 fregere
1070 3280 1188 3331 sarissas.
1200 3302 1211 3326 ι

794 3375 853 3427 ²7⁰·
869 3355 999 3428 Difficiles
1008 3355 1074 3407 excl.
1087 3356 1195 3409 vulnera
1206 3358 1264 3428 pel-

759 3446 804 3487 tas.
817 3438 885 3487 Dan.
899 3435 1007 3487 vaiacra
1021 3447 1124 3486 norunt.
1135 3464 1170 3474 -
1182 3434 1265 3508 Diffi-

758 3515 827 3567 ciles.
837 3516 935 3567 Contra
945 3534 1067 3585 magnum
1077 3517 1206 3586 impetum
1214 3517 1266 3569 uti-

757 3594 845 3646 liores.
861 3599 918 3646 Vet.
935 3594 1022 3646 Schol.
1038 3594 1080 3645 Ob
1098 3595 1266 3649 brevitatem.

208 3690 280 3723 more
300 3673 416 3725 Sarissus.
440 3671 578 3722 Macedum
602 3685 713 3744 uterque
757 3673 824 3724 Vide
838 3692 934 3744 supra,
953 3694 977 3722 v.
996 3673 1045 3744 174
1063 3688 1088 3724 et
1104 3674 1268 3740 ibinotata;

208 3749 302 3800 Behot.
312 3752 340 3801 in
351 3751 433 3802 altero
445 3764 532 3801 tamen
544 3753 714 3821 rescriptum,
758 3753 801 3804 adi
811 3755 887 3803 etiam
896 3753 965 3823 Lips.
975 3752 1067 3803 militia
1077 3754 1153 3803 Rom.
1164 3773 1192 3825 p.
1202 3756 1267 3824 384.

210 3845 291 3896 quum
302 3831 417 3896 primum
426 3828 712 3900 Macetumlegeretur;
795 3850 854 3901 ²7¹·
873 3833 1008 3904 Neptunia
1021 3833 1114 3904 plebes.
1127 3836 1270 3906 Neptunia

210 3906 257 3957 sed
270 3907 329 3976 ipsa
338 3911 507 3980 exscriptoris
519 3926 607 3966 manu.
620 3911 714 3960 demo·
757 3911 837 3980 pubes
848 3913 875 3961 in
888 3911 982 3963 eodem
994 3913 1061 3963 Dan.
1077 3912 1163 3963 lihro.'

210 4003 237 4036 re
250 3984 354 4036 Sarixas
366 3987 458 4038 Behot.
475 4005 499 4050 ι,
511 3989 542 4039 de
554 4007 624 4040 more
635 3989 715 4061 sopit·
796 4007 864 4060 272.v
877 3990 1011 4054 Onchesti,
1028 4012 1053 4063 q.
1064 3993 1122 4063 piu.
1135 3992 1269 4060 Mycales-

211 4075 249 4117 tar
259 4063 351 4117 Behot.
366 4083 391 4118 a.
405 4070 509 4138 -Reg
523 4070 557 4136 B,
568 4062 642 4121 Frax.
658 4069 714 4120 Ma·
759 4087 797 4120 sos
805 4069 832 4117 in
839 4088 880 4142 ap.
889 4069 1047 4140 lllycalessus
1053 4071 1134 4140 Lang.
1142 4073 1271 4127 nonnulli
