2616 4792
421 378 424 383 “
467 369 610 433 LIBER
635 369 717 432 Vll.
810 359 819 375 ⁸

160 499 224 563 Hic
237 495 366 562 steriles
378 492 520 562 delubra
530 509 627 561 notat
637 495 802 561 Mavortia
813 494 935 579 silvas,
1087 506 1121 573 to

91 607 353 699 Horrescitque
365 620 464 671 tuens
477 631 486 687 3
504 602 562 671 ubi
574 602 668 670 mille
679 601 850 672 furoribus
862 602 912 671 illi

99 719 271 810 Cingitur
281 715 423 784 adverso
435 714 557 783 domus
570 719 794 784 immansueta
806 716 872 785 sub
882 721 1015 786 Haemo.

87 833 235 897 Ferrea
246 850 411 921 compago
422 826 566 895 laterum
577 880 586 910 ,
599 828 688 895 ferro
700 843 795 896 arcta
805 842 965 895 teruntur

85 941 262 1021 Limina3
281 938 413 1005 ferratis
424 936 628 1004 incumbunt
639 934 727 1006 tecta
739 937 918 1005 columnis.

14 1131 18 1134 ι
86 1047 262 1115 Laeditur
272 1045 457 1116 adversum
469 1046 584 1115 Phoebi
593 1045 864 1140 jubar,ipsaque
878 1045 993 1114 sedem
1085 1058 1119 1125 45

91 1163 187 1226 Lux
197 1161 315 1242 timet,
329 1175 364 1226 et
374 1158 468 1226 dirus
480 1161 657 1226 contristat
668 1158 780 1226 sidera
791 1157 914 1250 fulgor.

154 1272 268 1362 Digna
279 1270 354 1337 loco
366 1273 464 1350 statio
476 1296 483 1337 :
497 1273 617 1364 primis
630 1269 707 1337 salit
720 1275 871 1362 Impetus
885 1293 1003 1337 amens

92 1382 135 1446 E
147 1380 296 1462 foribus,
310 1404 507 1475 caecumque
519 1381 635 1463 Nefas,
651 1386 779 1474 {raeque
791 1381 969 1463 rubentes,

98 1493 377 1585 Exsanguesque
390 1497 500 1558 Metus
514 1520 522 1575 ;
535 1491 744 1584 occultisque
756 1491 894 1558 ensibus
906 1490 1041 1558 adstant

98 1600 266 1680 Insidiae,
280 1603 522 1695 geminumque
534 1617 655 1668 tenens
667 1599 842 1669 Discordia
855 1601 993 1668 ferrum.
1086 1612 1120 1664 50

43 1862 83 1901 et
102 1859 185 1932 Olyb.
205 1861 285 1913 Cous.
299 1873 369 1914 nost.
385 1862 447 1914 edit.
463 1875 527 1914 tom.
542 1865 570 1929 Ι,
594 1877 600 1885 ·
651 1864 695 1930 45.
713 1862 971 1918 Loedituradversum
982 1859 1120 1931 Phoebijo'-

46 1941 125 2004 Pag-
142 1956 199 2009 127.
212 1939 259 1990 Eo.
274 1970 308 1980 -
321 1943 447 2015 Protegit.
458 1944 569 1994 Tuctur.
615 1944 668 1995 bar.
689 1944 844 1995 Offuscatur
864 1938 957 1992 Phoebi
973 1937 1074 2008 jubare
1092 1935 1120 1987 id

51 2029 101 2051 κ
114 2018 210 2070 Galeri.
223 2018 295 2070 Pilei.
313 2021 441 2072 Luceria.
614 2034 670 2087 est,
683 2021 827 2093 splendore
839 2022 903 2071 ferri
915 2017 1100 2089 repercutitur.

56 2107 61 2111 ·
105 2085 145 2150 40.
162 2089 276 2166 Steriles3
288 2090 389 2142 Bellum
399 2093 468 2144 enim
479 2093 569 2143 omnia
649 2101 692 2167 46,
707 2102 743 2152 Er
750 2101 820 2154 dim
827 2098 959 2150 contristat
966 2096 1012 2149 sid.
1016 2096 1043 2167 f
1051 2096 1118 2146 Dan.

57 2169 150 2221 vattat
165 2184 192 2222 et
205 2170 305 2242 diripit.
320 2201 354 2210 -
365 2172 481 2224 Delubra
496 2183 570 2226 notat
613 2185 640 2224 et
647 2162 710 2223 ‘eut
726 2172 804 2224 dume
815 2169 957 2222 contristat.

60 2229 197 2301 Mavortia
206 2247 295 2314 silvas,
309 2262 359 2301 etc.
370 2250 484 2302 Thracia
494 2252 569 2304 sedes
649 2250 693 2319 47.
712 2251 800 2324 Dipna
822 2249 879 2301 loco
899 2248 983 2300 statio.
1005 2244 1119 2311 Quidam

61 2306 158 2380 Martis
174 2331 284 2398 propria
302 2331 408 2381 Homer.
426 2330 522 2402 Odyss.
541 2331 569 2397 6,
614 2329 734 2396 codices,
746 2329 836 2402 Digna
848 2328 913 2378 Deo.
928 2325 1059 2394 Apposite
1072 2342 1120 2383 su·

64 2381 212 2474 3613Virg.
223 2404 328 2456 AEneid.
338 2409 386 2472 111,
400 2407 568 2468 13;si1.1ta1.
614 2419 667 2457 tem
679 2409 706 2457 in
718 2406 834 2471 foribus,
848 2404 889 2456 vel
902 2404 928 2453 in
944 2403 1008 2472 ipsis
1021 2399 1119 2452 aedibus

63 2458 102 2535 I,
113 2479 169 2545 4333
182 2482 276 2536 Claud.
289 2484 338 2550 ΙΙΙ,
351 2486 378 2535 in
388 2483 473 2536 Rufin.
487 2483 532 2536 lib.
543 2487 568 2551 l,
612 2486 729 2552 Martiis,
743 2486 833 2556 posuit
847 2484 927 2534 Poeta
943 2499 974 2532 ea
988 2499 1044 2552 quae
1059 2493 1120 2532 sunt

64 2539 136 2609 338:
148 2561 284 2614 «Thracas
294 2561 407 2615 defende
417 2565 505 2615 tuost
520 2566 567 2616 En.
612 2563 677 2616 belli
691 2582 786 2632 causa,
799 2562 841 2615 vel
860 2580 917 2632 quae
931 2560 998 2612 liunt
1014 2561 1042 2610 in
1060 2562 1118 2630 ipso

111 2635 145 2702 41.
160 2641 217 2694 Illi.
228 2642 282 2693 Alii
292 2641 412 2709 codices,
424 2642 495 2704 ilde,-
506 2663 568 2717 sup·
612 2643 699 2707 bello,
708 2641 749 2696 rel
757 2662 813 2714 quae
822 2653 1024 2711 consequuntur
1032 2641 1118 2710 ipsum

64 2707 116 2772 Ple
125 2719 149 2770 in
159 2735 258 2772 monte.
271 2751 307 2761 —
318 2719 374 2773 Illi.
389 2723 478 2774 Marti.
613 2723 731 2785 bellum;
755 2725 870 2775 imitatus
892 2719 1049 2788 Virgilium,
1074 2720 1119 2790 qui

110 2795 145 2861 42.
162 2800 393 2874 Cingituradverso
402 2800 505 2869 domus,
517 2816 567 2856 etc.
614 2804 716 2855 AEneid.
729 2807 777 2871 vt,
791 2803 881 2874 posuit
892 2803 920 2852 in
934 2799 1008 2851 aditu
1019 2799 1119 2851 infero-

68 2856 113 2923 Dc
121 2874 168 2929 hoe
179 2878 241 2930 loco
251 2879 347 2932 videsis
357 2895 448 2934 notata
458 2882 492 2934 ad
503 2901 541 2934 vs.
556 2902 565 2935 1
614 2883 735 2950 rum‚rel
743 2882 930 2944 vicinamorti‚
939 2892 984 2931 aut
993 2897 1050 2950 quae
1058 2892 1120 2948 post

70 2936 191 3008 Varronis
202 2958 307 3009 Atacini
318 2960 422 3031 Fragm.
435 2963 568 3023 1v;=}³0et.
590 3025 592 3029 Α
615 2974 730 3014 mortem
739 2961 819 3027 fiunt,
831 2973 876 3012 aut
887 2978 943 3030 quae
954 2970 1014 3010 sunt
1024 2960 1051 3008 in
1061 2957 1119 3026 ipsa

72 3016 126 3081 Ltt.
134 3035 197 3087 Min.
207 3049 271 3088 tom.
285 3040 329 3102 lv,
339 3056 400 3109 pag.
413 3037 464 3108 575
473 3051 499 3089 et
509 3038 569 3109 579.
615 3054 708 3093 morte.
719 3071 754 3080 -
763 3043 879 3112 Impetus
888 3056 991 3102 amens,
1004 3049 1052 3088 etc.
1064 3033 1120 3087 Sin·

77 3125 110 3146 *
121 3109 217 3166 Hoemc.
232 3115 324 3166 Monte
338 3114 455 3167 Thracia
475 3116 571 3167 altissi-
615 3121 683 3193 gulis
697 3121 820 3173 ministris
832 3120 924 3171 Martis
938 3115 1011 3168 dedit
1023 3115 1121 3186 epithe-

79 3193 125 3238 mo.
134 3193 197 3245 Vide
209 3192 339 3245 Thebaid.
352 3196 398 3262 IV,
412 3195 478 3262 652,
493 3207 519 3247 et
532 3196 570 3247 ihi
616 3214 643 3252 ta
658 3219 738 3270 quam
752 3184 1007 3252 convenientisslma.
1018 3225 1053 3241 -r
1064 3196 1120 3247 Im-

82 3275 170 3338 ¹¹⁰1ata‚
181 3286 247 3323 tom.
260 3272 418 3345 precedent.
431 3293 492 3346 pag.
504 3275 571 3341 4433
613 3289 697 3350 petus.
709 3281 828 3349 Praeceps
842 3277 952 3330 audacia
967 3276 1023 3327 sine
1038 3275 1120 3325 ratio-

83 3334 132 3398 h0d.
143 3351 245 3404 Balkan
259 3372 309 3405 ceu
322 3354 508 3428 Eminepdaq.
522 3356 570 3406 En.
615 3378 658 3412 ne.
672 3359 810 3411 Claudian.
823 3361 847 3425 Ι,
859 3360 887 3409 in
897 3356 977 3408 Proh.
990 3368 1016 3406 et
1027 3352 1119 3424 Olybr.

110 3425 146 3492 43·
162 3433 254 3485 Ferrea
263 3453 286 3484 c·
298 3431 316 3483 l·
322 3433 397 3504 ferro
407 3445 477 3485 arcta
486 3447 572 3486 teron·
615 3439 695 3493 Gons.
703 3457 728 3489 v.
738 3455 771 3507 77
780 3449 807 3489 et
815 3456 873 3508 sqq.
884 3433 1006 3488 «Famuli
1014 3449 1118 3483 currum

86 3510 122 3557 ⁸¹⁸?-
132 3507 244 3580 Lipsian.
258 3523 284 3564 et
295 3513 400 3564 Venett.
413 3525 470 3565 atra
482 3526 570 3566 terun-
612 3519 725 3587 junxere
747 3517 897 3583 volantem,
918 3516 1034 3586 Impetus
1055 3508 1119 3560 hor-

80 3589 234 3662 tre-mg,
249 3586 283 3654 Β,
291 3590 365 3662 ferro
378 3602 441 3662 apta
453 3605 571 3645 teruntur
615 3594 751 3665 ribilisqne
758 3595 861 3660 Metus,
873 3594 918 3664 qui
926 3605 1119 3659 semperagen·

85 3653 159 3730 habe„
177 3671 243 3741 Reg.
262 3670 296 3736 C,
310 3670 367 3722 alta
381 3682 505 3723 teruntur.
522 3672 567 3723 En.
614 3685 654 3724 tes
675 3671 785 3739 Prelia,
803 3691 863 3723 cum
883 3670 991 3720 fremitu
1009 3666 1118 3716 Romam

84 3744 201 3825 ssdmea
216 3766 344 3822 compago
361 3748 480 3801 laterum.
499 3751 569 3801 Bene
616 3755 777 3804 comitantur
790 3752 894 3804 anhelo.
906 3773 917 3796 o
939 3750 1034 3798 Btnrfl.

84 3833 105 3868 u
115 3822 287 3899 descriptione
300 3828 392 3899 palatii
404 3832 512 3895 Martis,
525 3832 570 3901 qui
652 3830 693 3884 50.
716 3832 910 3901 Geminumque
923 3838 1010 3879 tenens
1020 3827 1120 3879 Discor-

83 3891 139 3952 bello
152 3918 258 3976 praeest,
274 3905 370 3976 adjecit
386 3911 474 3960 onmia
487 3909 570 3960 fuisse
616 3911 659 3961 dia
666 3911 779 3982 ferrum.
789 3910 900 3971 Mirum3
911 3908 1045 3977 geminum
1055 3907 1121 3958 dixit

83 3981 181 4035 exsecro
193 3998 362 4039 constructa:
376 4005 458 4056 quum
470 3989 570 4039 ferrum
616 3987 716 4037 ferrum
740 4000 830 4036 tenere
852 3984 1037 4049 Discordiam,
1062 4003 1119 4055 quae
1154 4032 1159 4039 .

81 4059 109 4107 ⁸l1
116 4067 273 4137 praecipuum
283 4065 347 4118 belli
357 4062 570 4119 instrumentum.
617 4084 722 4137 semper
731 4063 798 4116 solet
810 4063 924 4117 duorum
934 4064 1069 4116 inimicitie
1079 4059 1120 4114 vel
