<?xml version="1.0" encoding="UTF-8"?>
<!DOCTYPE html PUBLIC "-//W3C//DTD XHTML 1.0 Transitional//EN"
    "http://www.w3.org/TR/xhtml1/DTD/xhtml1-transitional.dtd">
<html xmlns="http://www.w3.org/1999/xhtml" xml:lang="en" lang="en">
 <head>
  <title>
</title>
<meta http-equiv="Content-Type" content="text/html;charset=utf-8" />
  <meta name='ocr-system' content='tesseract 3.04.00' />
  <meta name='ocr-capabilities' content='ocr_page ocr_carea ocr_par ocr_line ocrx_word'/>
</head>
<body>
  <div class='ocr_page' id='page_1' title='image "bibliothecaclas07lemagoog_0058.png"; bbox 0 0 2616 4792; ppageno 0'>
   <div class='ocr_carea' id='block_1_1' title="bbox 515 363 1162 448">
    <p class='ocr_par' dir='ltr' id='par_1_1' title="bbox 515 363 1162 448">
     <span class='ocr_line' id='line_1_1' title="bbox 515 363 1162 448; baseline 0.005 -19"><span class='ocrx_word' id='word_1_1' title='bbox 515 363 660 430; x_wconf 80' lang='lat' dir='ltr'><strong>mnan</strong></span> <span class='ocrx_word' id='word_1_2' title='bbox 684 364 766 429; x_wconf 88' lang='lat' dir='ltr'><strong>vu.</strong></span> <span class='ocrx_word' id='word_1_3' title='bbox 1121 370 1162 448; x_wconf 70' lang='lat' dir='ltr'><strong>ts</strong></span> 
     </span>
    </p>
   </div>
   <div class='ocr_carea' id='block_1_2' title="bbox 163 489 1260 1690">
    <p class='ocr_par' dir='ltr' id='par_1_2' title="bbox 163 489 1165 917">
     <span class='ocr_line' id='line_1_2' title="bbox 163 489 1165 585; baseline 0.001 -27"><span class='ocrx_word' id='word_1_4' title='bbox 163 496 262 560; x_wconf 87' lang='lat' dir='ltr'><strong>Ferre</strong></span> <span class='ocrx_word' id='word_1_5' title='bbox 275 493 367 559; x_wconf 86' lang='lat' dir='ltr'><strong>sitim</strong></span> <span class='ocrx_word' id='word_1_6' title='bbox 379 489 1033 585; x_wconf 82' lang='lat' dir='ltr'><strong>Python,amnemqueaverterepouto.</strong></span> <span class='ocrx_word' id='word_1_7' title='bbox 1113 509 1165 560; x_wconf 80' lang='lat'><strong>350</strong></span> 
     </span>
     <span class='ocr_line' id='line_1_3' title="bbox 164 601 1012 694; baseline 0.002 -23"><span class='ocrx_word' id='word_1_8' title='bbox 164 602 330 671; x_wconf 85' lang='lat' dir='ltr'>Omnibus</span> <span class='ocrx_word' id='word_1_9' title='bbox 342 604 511 669; x_wconf 86' lang='lat' dir='ltr'><strong>immixtas</strong></span> <span class='ocrx_word' id='word_1_10' title='bbox 523 625 609 669; x_wconf 86' lang='lat' dir='ltr'><strong>cono</strong></span> <span class='ocrx_word' id='word_1_11' title='bbox 622 626 725 694; x_wconf 91' lang='lat' dir='ltr'><strong>super</strong></span> <span class='ocrx_word' id='word_1_12' title='bbox 736 601 873 694; x_wconf 85' lang='lat' dir='ltr'><strong>adspice</strong></span> <span class='ocrx_word' id='word_1_13' title='bbox 883 602 1012 689; x_wconf 82' lang='lat' dir='ltr'><strong>lauros,</strong></span> 
     </span>
     <span class='ocr_line' id='line_1_4' title="bbox 164 713 1148 819; baseline 0.002 -37"><span class='ocrx_word' id='word_1_14' title='bbox 164 721 334 808; x_wconf 82' lang='lat' dir='ltr'>Armaque</span> <span class='ocrx_word' id='word_1_15' title='bbox 345 714 399 782; x_wconf 90' lang='lat' dir='ltr'><strong>vel</strong></span> <span class='ocrx_word' id='word_1_16' title='bbox 410 716 553 807; x_wconf 76' lang='lat' dir='ltr'><strong>Tityon,</strong></span> <span class='ocrx_word' id='word_1_17' title='bbox 566 713 621 783; x_wconf 91' lang='lat' dir='ltr'><strong>vel</strong></span> <span class='ocrx_word' id='word_1_18' title='bbox 633 714 739 783; x_wconf 88' lang='lat' dir='ltr'><strong>Delon</strong></span> <span class='ocrx_word' id='word_1_19' title='bbox 752 713 910 784; x_wconf 88' lang='lat' dir='ltr'><strong>habentia</strong></span> <span class='ocrx_word' id='word_1_20' title='bbox 920 768 929 798; x_wconf 90' lang='lat'>‚</span> <span class='ocrx_word' id='word_1_21' title='bbox 941 715 995 784; x_wconf 81' lang='lat' dir='ltr'><strong>vel</strong></span> <span class='ocrx_word' id='word_1_22' title='bbox 1007 741 1092 811; x_wconf 88' lang='lat' dir='ltr'><strong>quas</strong></span> <span class='ocrx_word' id='word_1_23' title='bbox 1146 804 1148 819; x_wconf 43' lang='grc' dir='ltr'>Ι</span> 
     </span>
     <span class='ocr_line' id='line_1_5' title="bbox 164 822 958 917; baseline 0.001 -26"><span class='ocrx_word' id='word_1_24' title='bbox 164 826 227 892; x_wconf 82' lang='grc' dir='ltr'><strong>Ηίο</strong></span> <span class='ocrx_word' id='word_1_25' title='bbox 238 827 331 892; x_wconf 91' lang='lat' dir='ltr'><strong>Deus</strong></span> <span class='ocrx_word' id='word_1_26' title='bbox 340 825 519 892; x_wconf 89' lang='lat' dir='ltr'><strong>innumera</strong></span> <span class='ocrx_word' id='word_1_27' title='bbox 530 822 655 891; x_wconf 88' lang='lat' dir='ltr'><strong>laxavit</strong></span> <span class='ocrx_word' id='word_1_28' title='bbox 666 823 757 892; x_wconf 87' lang='lat' dir='ltr'><strong>caede</strong></span> <span class='ocrx_word' id='word_1_29' title='bbox 770 823 958 917; x_wconf 82' lang='lat' dir='ltr'><strong>pharetras.</strong></span> 
     </span>
    </p>

    <p class='ocr_par' dir='ltr' id='par_1_3' title="bbox 165 934 1169 1468">
     <span class='ocr_line' id='line_1_6' title="bbox 215 934 1060 1027; baseline 0.005 -28"><span class='ocrx_word' id='word_1_30' title='bbox 215 963 229 993; x_wconf 77' lang='lat' dir='ltr'><strong>a</strong></span> <span class='ocrx_word' id='word_1_31' title='bbox 241 934 374 1026; x_wconf 90' lang='lat' dir='ltr'><strong>Iphitus</strong></span> <span class='ocrx_word' id='word_1_32' title='bbox 386 956 463 1001; x_wconf 89' lang='lat' dir='ltr'><strong>acer</strong></span> <span class='ocrx_word' id='word_1_33' title='bbox 473 936 560 1026; x_wconf 84' lang='lat' dir='ltr'><strong>agit,</strong></span> <span class='ocrx_word' id='word_1_34' title='bbox 573 936 705 1026; x_wconf 88' lang='lat' dir='ltr'><strong>genitor</strong></span> <span class='ocrx_word' id='word_1_35' title='bbox 716 936 770 1001; x_wconf 90' lang='lat' dir='ltr'><strong>cui</strong></span> <span class='ocrx_word' id='word_1_36' title='bbox 783 959 894 1027; x_wconf 88' lang='lat' dir='ltr'><strong>nuper</strong></span> <span class='ocrx_word' id='word_1_37' title='bbox 905 934 1060 1004; x_wconf 88' lang='lat' dir='ltr'><strong>ademtus</strong></span> 
     </span>
     <span class='ocr_line' id='line_1_7' title="bbox 165 1043 1169 1137; baseline 0 -25"><span class='ocrx_word' id='word_1_38' title='bbox 165 1043 338 1112; x_wconf 84' lang='lat' dir='ltr'><strong>Naubolus</strong></span> <span class='ocrx_word' id='word_1_39' title='bbox 350 1043 570 1137; x_wconf 89' lang='lat' dir='ltr'><strong>Hippasides‚</strong></span> <span class='ocrx_word' id='word_1_40' title='bbox 583 1060 678 1128; x_wconf 89' lang='lat' dir='ltr'><strong>tuus,</strong></span> <span class='ocrx_word' id='word_1_41' title='bbox 693 1047 902 1114; x_wconf 88' lang='lat' dir='ltr'><strong>omitissime</strong></span> <span class='ocrx_word' id='word_1_42' title='bbox 913 1049 992 1131; x_wconf 78' lang='lat' dir='ltr'><strong>nai,</strong></span> <span class='ocrx_word' id='word_1_43' title='bbox 1118 1058 1169 1112; x_wconf 82' lang='lat'><strong>355</strong></span> 
     </span>
     <span class='ocr_line' id='line_1_8' title="bbox 166 1154 1041 1252; baseline 0.003 -30"><span class='ocrx_word' id='word_1_44' title='bbox 166 1159 316 1247; x_wconf 89' lang='lat' dir='ltr'><strong>Hospes,</strong></span> <span class='ocrx_word' id='word_1_45' title='bbox 328 1154 441 1224; x_wconf 92' lang='lat' dir='ltr'><strong>adhuc</strong></span> <span class='ocrx_word' id='word_1_46' title='bbox 452 1181 591 1239; x_wconf 86' lang='lat' dir='ltr'><strong>currus,</strong></span> <span class='ocrx_word' id='word_1_47' title='bbox 606 1180 792 1252; x_wconf 89' lang='lat' dir='ltr'><strong>securaque</strong></span> <span class='ocrx_word' id='word_1_48' title='bbox 804 1155 877 1224; x_wconf 90' lang='lat' dir='ltr'><strong>lora</strong></span> <span class='ocrx_word' id='word_1_49' title='bbox 888 1156 1041 1239; x_wconf 88' lang='lat' dir='ltr'><strong>tenebat,</strong></span> 
     </span>
     <span class='ocr_line' id='line_1_9' title="bbox 166 1262 1141 1358; baseline 0.002 -29"><span class='ocrx_word' id='word_1_50' title='bbox 166 1267 279 1348; x_wconf 90' lang='lat' dir='ltr'><strong>Quum</strong></span> <span class='ocrx_word' id='word_1_51' title='bbox 291 1279 350 1330; x_wconf 90' lang='lat' dir='ltr'><strong>tua</strong></span> <span class='ocrx_word' id='word_1_52' title='bbox 361 1263 476 1330; x_wconf 91' lang='lat' dir='ltr'><strong>subter</strong></span> <span class='ocrx_word' id='word_1_53' title='bbox 488 1288 593 1357; x_wconf 88' lang='lat' dir='ltr'><strong>equos</strong></span> <span class='ocrx_word' id='word_1_54' title='bbox 602 1262 709 1358; x_wconf 87' lang='lat' dir='ltr'><strong>jacuit</strong></span> <span class='ocrx_word' id='word_1_55' title='bbox 720 1264 881 1332; x_wconf 87' lang='lat' dir='ltr'><strong>convulsa</strong></span> <span class='ocrx_word' id='word_1_56' title='bbox 894 1267 1044 1333; x_wconf 89' lang='lat' dir='ltr'><strong>cruentis</strong></span> <span class='ocrx_word' id='word_1_57' title='bbox 1135 1314 1141 1325; x_wconf 90' lang='lat'><strong>.</strong></span> 
     </span>
     <span class='ocr_line' id='line_1_10' title="bbox 166 1373 1145 1468; baseline -0.001 -28"><span class='ocrx_word' id='word_1_58' title='bbox 166 1373 308 1455; x_wconf 89' lang='lat' dir='ltr'><strong>lctibus,</strong></span> <span class='ocrx_word' id='word_1_59' title='bbox 319 1397 340 1440; x_wconf 95' lang='lat' dir='ltr'><strong>o</strong></span> <span class='ocrx_word' id='word_1_60' title='bbox 353 1377 482 1441; x_wconf 88' lang='lat' dir='ltr'><strong>utinam</strong></span> <span class='ocrx_word' id='word_1_61' title='bbox 493 1391 611 1442; x_wconf 90' lang='lat' dir='ltr'><strong>nostro</strong></span> <span class='ocrx_word' id='word_1_62' title='bbox 623 1400 703 1442; x_wconf 91' lang='lat' dir='ltr'><strong>cum</strong></span> <span class='ocrx_word' id='word_1_63' title='bbox 716 1379 893 1468; x_wconf 81' lang='lat' dir='ltr'><strong>sanguiue,</strong></span> <span class='ocrx_word' id='word_1_64' title='bbox 906 1381 1035 1446; x_wconf 80' lang='lat' dir='ltr'><strong>cervix!</strong></span> <span class='ocrx_word' id='word_1_65' title='bbox 1050 1408 1065 1439; x_wconf 67' lang='lat' dir='ltr'><strong>s</strong></span> <span class='ocrx_word' id='word_1_66' title='bbox 1140 1424 1145 1431; x_wconf 75' lang='lat'><strong>.</strong></span> 
     </span>
    </p>

    <p class='ocr_par' dir='ltr' id='par_1_4' title="bbox 166 1483 1260 1690">
     <span class='ocr_line' id='line_1_11' title="bbox 212 1483 1092 1580; baseline 0.003 -30"><span class='ocrx_word' id='word_1_67' title='bbox 212 1486 362 1578; x_wconf 81' lang='lat' dir='ltr'><strong>Dicentis</strong></span> <span class='ocrx_word' id='word_1_68' title='bbox 375 1484 535 1552; x_wconf 87' lang='lat' dir='ltr'><strong>maduere</strong></span> <span class='ocrx_word' id='word_1_69' title='bbox 547 1509 660 1577; x_wconf 87' lang='lat' dir='ltr'><strong>genae,</strong></span> <span class='ocrx_word' id='word_1_70' title='bbox 672 1483 873 1580; x_wconf 88' lang='lat' dir='ltr'><strong>vultumque</strong></span> <span class='ocrx_word' id='word_1_71' title='bbox 884 1512 945 1580; x_wconf 89' lang='lat' dir='ltr'><strong>per</strong></span> <span class='ocrx_word' id='word_1_72' title='bbox 956 1511 1092 1554; x_wconf 90' lang='lat' dir='ltr'><strong>omnem</strong></span> 
     </span>
     <span class='ocr_line' id='line_1_12' title="bbox 166 1593 1260 1690; baseline 0.004 -30"><span class='ocrx_word' id='word_1_73' title='bbox 166 1593 277 1661; x_wconf 84' lang='lat' dir='ltr'><strong>Pallor</strong></span> <span class='ocrx_word' id='word_1_74' title='bbox 289 1597 345 1678; x_wconf 89' lang='lat' dir='ltr'><strong>iit,</strong></span> <span class='ocrx_word' id='word_1_75' title='bbox 358 1599 518 1690; x_wconf 85' lang='lat' dir='ltr'><strong>vocisque</strong></span> <span class='ocrx_word' id='word_1_76' title='bbox 530 1621 654 1690; x_wconf 85' lang='lat' dir='ltr'><strong>repens</strong></span> <span class='ocrx_word' id='word_1_77' title='bbox 667 1596 834 1689; x_wconf 87' lang='lat' dir='ltr'><strong>singultus</strong></span> <span class='ocrx_word' id='word_1_78' title='bbox 846 1615 1002 1690; x_wconf 90' lang='lat' dir='ltr'><strong>apertum</strong></span> <span class='ocrx_word' id='word_1_79' title='bbox 1119 1611 1172 1664; x_wconf 79' lang='lat'><strong>360</strong></span> <span class='ocrx_word' id='word_1_80' title='bbox 1256 1649 1260 1654; x_wconf 83' lang='lat'><em>-</em></span> 
     </span>
    </p>
   </div>
   <div class='ocr_carea' id='block_1_3' title="bbox 126 1771 1173 2245">
    <p class='ocr_par' dir='ltr' id='par_1_5' title="bbox 130 1771 1171 1850">
     <span class='ocr_line' id='line_1_13' title="bbox 130 1771 1171 1850; baseline 0.007 -29"><span class='ocrx_word' id='word_1_81' title='bbox 130 1771 200 1840; x_wconf 74' lang='lat' dir='ltr'><strong>uam,</strong></span> <span class='ocrx_word' id='word_1_82' title='bbox 218 1775 375 1845; x_wconf 78' lang='lat' dir='ltr'><strong>priusquam</strong></span> <span class='ocrx_word' id='word_1_83' title='bbox 394 1776 461 1827; x_wconf 88' lang='lat' dir='ltr'><strong>mari</strong></span> <span class='ocrx_word' id='word_1_84' title='bbox 475 1777 625 1844; x_wconf 83' lang='lat' dir='ltr'><strong>misceatur,</strong></span> <span class='ocrx_word' id='word_1_85' title='bbox 670 1778 728 1829; x_wconf 91' lang='lat' dir='ltr'><strong>beri</strong></span> <span class='ocrx_word' id='word_1_86' title='bbox 751 1780 822 1830; x_wconf 89' lang='lat' dir='ltr'><strong>enim</strong></span> <span class='ocrx_word' id='word_1_87' title='bbox 844 1778 945 1832; x_wconf 76' lang='lat' dir='ltr'><strong>Niobes</strong></span> <span class='ocrx_word' id='word_1_88' title='bbox 971 1777 1171 1850; x_wconf 86' lang='lat' dir='ltr'><strong>quatuordeeim</strong></span> 
     </span>
    </p>

    <p class='ocr_par' dir='ltr' id='par_1_6' title="bbox 130 1853 753 1921">
     <span class='ocr_line' id='line_1_14' title="bbox 130 1853 753 1921; baseline 0.01 -21"><span class='ocrx_word' id='word_1_89' title='bbox 130 1853 245 1906; x_wconf 88' lang='lat' dir='ltr'><strong>cuniculo</strong></span> <span class='ocrx_word' id='word_1_90' title='bbox 258 1854 404 1921; x_wconf 90' lang='lat' dir='ltr'><strong>demersus,</strong></span> <span class='ocrx_word' id='word_1_91' title='bbox 419 1856 525 1908; x_wconf 85' lang='lat' dir='ltr'><strong>occulto</strong></span> <span class='ocrx_word' id='word_1_92' title='bbox 536 1869 624 1909; x_wconf 88' lang='lat' dir='ltr'><strong>meatu</strong></span> <span class='ocrx_word' id='word_1_93' title='bbox 670 1868 753 1907; x_wconf 89' lang='lat' dir='ltr'><strong>eraut.</strong></span> 
     </span>
    </p>

    <p class='ocr_par' dir='ltr' id='par_1_7' title="bbox 127 1925 1173 2006">
     <span class='ocr_line' id='line_1_15' title="bbox 127 1925 1173 2006; baseline 0.002 -25"><span class='ocrx_word' id='word_1_94' title='bbox 127 1925 225 1984; x_wconf 76' lang='lat' dir='ltr'><strong>labitur.</strong></span> <span class='ocrx_word' id='word_1_95' title='bbox 240 1932 349 2000; x_wconf 77' lang='lat' dir='ltr'><strong>Strabo,</strong></span> <span class='ocrx_word' id='word_1_96' title='bbox 365 1946 391 1985; x_wconf 86' lang='lat' dir='ltr'><strong>et</strong></span> <span class='ocrx_word' id='word_1_97' title='bbox 407 1934 553 2006; x_wconf 77' lang='lat' dir='ltr'><strong>Polyaenus</strong></span> <span class='ocrx_word' id='word_1_98' title='bbox 566 1935 625 1988; x_wconf 90' lang='lat' dir='ltr'><strong>Ma·</strong></span> <span class='ocrx_word' id='word_1_99' title='bbox 705 1933 767 2000; x_wconf 72' lang='lat'><strong>354.</strong></span> <span class='ocrx_word' id='word_1_100' title='bbox 787 1934 891 2005; x_wconf 80' lang='lat' dir='ltr'><strong>Iphitus</strong></span> <span class='ocrx_word' id='word_1_101' title='bbox 909 1952 967 1985; x_wconf 87' lang='lat' dir='ltr'><strong>acer</strong></span> <span class='ocrx_word' id='word_1_102' title='bbox 980 1935 1042 2006; x_wconf 77' lang='lat' dir='ltr'><strong>apit.</strong></span> <span class='ocrx_word' id='word_1_103' title='bbox 1062 1933 1173 2004; x_wconf 83' lang='lat' dir='ltr'><strong>Iphytus</strong></span> 
     </span>
    </p>

    <p class='ocr_par' dir='ltr' id='par_1_8' title="bbox 127 2009 1172 2164">
     <span class='ocr_line' id='line_1_16' title="bbox 127 2009 1171 2083; baseline -0.001 -22"><span class='ocrx_word' id='word_1_104' title='bbox 127 2009 198 2062; x_wconf 86' lang='lat' dir='ltr'><strong>cedo.</strong></span> <span class='ocrx_word' id='word_1_105' title='bbox 669 2014 738 2065; x_wconf 90' lang='lat' dir='ltr'><strong>Dan.</strong></span> <span class='ocrx_word' id='word_1_106' title='bbox 755 2016 844 2065; x_wconf 87' lang='lat' dir='ltr'><strong>Petav.</strong></span> <span class='ocrx_word' id='word_1_107' title='bbox 859 2012 1037 2083; x_wconf 89' lang='lat' dir='ltr'><strong>Lindenbrog.</strong></span> <span class='ocrx_word' id='word_1_108' title='bbox 1053 2024 1079 2065; x_wconf 88' lang='lat' dir='ltr'><strong>et</strong></span> <span class='ocrx_word' id='word_1_109' title='bbox 1093 2014 1171 2064; x_wconf 87' lang='lat' dir='ltr'><strong>Cruo.</strong></span> 
     </span>
     <span class='ocr_line' id='line_1_17' title="bbox 152 2088 1172 2164; baseline -0.003 -24"><span class='ocrx_word' id='word_1_110' title='bbox 152 2088 335 2160; x_wconf 85' lang='lat' dir='ltr'><strong>350.Python.</strong></span> <span class='ocrx_word' id='word_1_111' title='bbox 342 2090 454 2162; x_wconf 89' lang='lat' dir='ltr'><strong>Serpens</strong></span> <span class='ocrx_word' id='word_1_112' title='bbox 461 2110 539 2164; x_wconf 85' lang='lat' dir='ltr'><strong>quem</strong></span> <span class='ocrx_word' id='word_1_113' title='bbox 546 2092 625 2164; x_wconf 80' lang='lat' dir='ltr'><strong>Apol·</strong></span> <span class='ocrx_word' id='word_1_114' title='bbox 669 2092 808 2164; x_wconf 82' lang='lat' dir='ltr'><strong>Hisphitus</strong></span> <span class='ocrx_word' id='word_1_115' title='bbox 821 2110 889 2143; x_wconf 88' lang='lat' dir='ltr'><strong>unus</strong></span> <span class='ocrx_word' id='word_1_116' title='bbox 905 2090 999 2142; x_wconf 88' lang='lat' dir='ltr'><strong>Behot.</strong></span> <span class='ocrx_word' id='word_1_117' title='bbox 1011 2120 1048 2128; x_wconf 93' lang='lat'>-</span> <span class='ocrx_word' id='word_1_118' title='bbox 1058 2091 1121 2158; x_wconf 88' lang='lat' dir='ltr'><strong>Reg.</strong></span> <span class='ocrx_word' id='word_1_119' title='bbox 1137 2089 1172 2151; x_wconf 76' lang='lat' dir='ltr'><strong>tt,</strong></span> 
     </span>
    </p>

    <p class='ocr_par' dir='ltr' id='par_1_9' title="bbox 126 2165 1173 2245">
     <span class='ocr_line' id='line_1_18' title="bbox 126 2165 1173 2245; baseline 0.003 -29"><span class='ocrx_word' id='word_1_120' title='bbox 126 2165 150 2217; x_wconf 93' lang='lat' dir='ltr'><strong>lo</strong></span> <span class='ocrx_word' id='word_1_121' title='bbox 161 2166 271 2220; x_wconf 86' lang='lat' dir='ltr'><strong>occidit.</strong></span> <span class='ocrx_word' id='word_1_122' title='bbox 669 2170 773 2243; x_wconf 77' lang='lat' dir='ltr'><strong>Iphitus</strong></span> <span class='ocrx_word' id='word_1_123' title='bbox 785 2189 859 2242; x_wconf 80' lang='lat' dir='ltr'><strong>asper</strong></span> <span class='ocrx_word' id='word_1_124' title='bbox 869 2172 925 2245; x_wconf 75' lang='lat' dir='ltr'><strong>apit</strong></span> <span class='ocrx_word' id='word_1_125' title='bbox 938 2169 1061 2230; x_wconf 81' lang='lat' dir='ltr'><strong>exhibet;</strong></span> <span class='ocrx_word' id='word_1_126' title='bbox 1074 2170 1137 2238; x_wconf 86' lang='lat' dir='ltr'><strong>Reg.</strong></span> <span class='ocrx_word' id='word_1_127' title='bbox 1152 2168 1173 2219; x_wconf 89' lang='lat' dir='ltr'>C</span> 
     </span>
    </p>
   </div>
   <div class='ocr_carea' id='block_1_4' title="bbox 157 2245 1286 2318">
    <p class='ocr_par' dir='ltr' id='par_1_10' title="bbox 157 2245 1286 2318">
     <span class='ocr_line' id='line_1_19' title="bbox 157 2245 1286 2318; baseline -0.004 -19"><span class='ocrx_word' id='word_1_128' title='bbox 157 2245 219 2299; x_wconf 86' lang='grc' dir='ltr'>35ι.</span> <span class='ocrx_word' id='word_1_129' title='bbox 242 2247 320 2299; x_wconf 88' lang='lat' dir='ltr'><strong>Omn.</strong></span> <span class='ocrx_word' id='word_1_130' title='bbox 335 2247 497 2300; x_wconf 84' lang='lat' dir='ltr'><strong>immixtasc.</strong></span> <span class='ocrx_word' id='word_1_131' title='bbox 507 2268 527 2301; x_wconf 87' lang='lat' dir='ltr'><strong>s.</strong></span> <span class='ocrx_word' id='word_1_132' title='bbox 537 2248 626 2302; x_wconf 84' lang='lat' dir='ltr'><strong>alau-</strong></span> <span class='ocrx_word' id='word_1_133' title='bbox 670 2261 788 2299; x_wconf 88' lang='lat' dir='ltr'><strong>nostram</strong></span> <span class='ocrx_word' id='word_1_134' title='bbox 802 2249 862 2300; x_wconf 87' lang='lat' dir='ltr'><strong>lect.</strong></span> <span class='ocrx_word' id='word_1_135' title='bbox 878 2246 1088 2318; x_wconf 61' lang='lat' dir='ltr'><strong>Eri—Iphitus.</strong></span> <span class='ocrx_word' id='word_1_136' title='bbox 1101 2248 1173 2297; x_wconf 85' lang='lat' dir='ltr'><strong>Nau·</strong></span> <span class='ocrx_word' id='word_1_137' title='bbox 1282 2302 1286 2310; x_wconf 88' lang='lat'><strong>.</strong></span> 
     </span>
    </p>
   </div>
   <div class='ocr_carea' id='block_1_5' title="bbox 74 2326 1213 4133">
    <p class='ocr_par' dir='ltr' id='par_1_11' title="bbox 124 2326 1175 3104">
     <span class='ocr_line' id='line_1_20' title="bbox 125 2326 1174 2398; baseline -0.002 -21"><span class='ocrx_word' id='word_1_138' title='bbox 125 2344 170 2378; x_wconf 77' lang='lat' dir='ltr'><strong>ros.</strong></span> <span class='ocrx_word' id='word_1_139' title='bbox 181 2328 308 2398; x_wconf 89' lang='lat' dir='ltr'><strong>Optimus</strong></span> <span class='ocrx_word' id='word_1_140' title='bbox 320 2326 491 2379; x_wconf 74' lang='lat' dir='ltr'><strong>Barthiauusz</strong></span> <span class='ocrx_word' id='word_1_141' title='bbox 506 2330 624 2382; x_wconf 82' lang='lat' dir='ltr'><strong>intextas.</strong></span> <span class='ocrx_word' id='word_1_142' title='bbox 670 2326 726 2379; x_wconf 92' lang='lat' dir='ltr'><strong>boli</strong></span> <span class='ocrx_word' id='word_1_143' title='bbox 740 2327 807 2380; x_wconf 85' lang='lat' dir='ltr'><strong>lilius</strong></span> <span class='ocrx_word' id='word_1_144' title='bbox 815 2366 823 2393; x_wconf 91' lang='lat'>,</span> <span class='ocrx_word' id='word_1_145' title='bbox 843 2347 912 2379; x_wconf 89' lang='lat' dir='ltr'><strong>unus</strong></span> <span class='ocrx_word' id='word_1_146' title='bbox 925 2328 975 2379; x_wconf 85' lang='lat' dir='ltr'><strong>fuit</strong></span> <span class='ocrx_word' id='word_1_147' title='bbox 989 2346 1020 2378; x_wconf 80' lang='lat' dir='ltr'><strong>ex</strong></span> <span class='ocrx_word' id='word_1_148' title='bbox 1033 2328 1174 2396; x_wconf 82' lang='lat' dir='ltr'><strong>Argonau-</strong></span> 
     </span>
     <span class='ocr_line' id='line_1_21' title="bbox 125 2402 1172 2472; baseline -0.001 -17"><span class='ocrx_word' id='word_1_149' title='bbox 125 2403 196 2458; x_wconf 87' lang='lat' dir='ltr'><strong>Unus</strong></span> <span class='ocrx_word' id='word_1_150' title='bbox 217 2404 311 2458; x_wconf 89' lang='lat' dir='ltr'><strong>Behot.</strong></span> <span class='ocrx_word' id='word_1_151' title='bbox 333 2405 428 2460; x_wconf 82' lang='lat' dir='ltr'><strong>laurus.</strong></span> <span class='ocrx_word' id='word_1_152' title='bbox 448 2437 482 2446; x_wconf 89' lang='lat'><strong>--</strong></span> <span class='ocrx_word' id='word_1_153' title='bbox 503 2407 628 2460; x_wconf 81' lang='lat' dir='ltr'><strong>Omnibus</strong></span> <span class='ocrx_word' id='word_1_154' title='bbox 671 2408 721 2472; x_wconf 74' lang='lat' dir='ltr'><strong>tis,</strong></span> <span class='ocrx_word' id='word_1_155' title='bbox 742 2419 851 2457; x_wconf 84' lang='lat' dir='ltr'><strong>auctore</strong></span> <span class='ocrx_word' id='word_1_156' title='bbox 869 2404 976 2457; x_wconf 88' lang='lat' dir='ltr'><strong>Valerio</strong></span> <span class='ocrx_word' id='word_1_157' title='bbox 995 2405 1099 2458; x_wconf 84' lang='lat' dir='ltr'><strong>Flacco.</strong></span> <span class='ocrx_word' id='word_1_158' title='bbox 1122 2402 1172 2456; x_wconf 85' lang='lat' dir='ltr'><strong>Sed</strong></span> 
     </span>
     <span class='ocr_line' id='line_1_22' title="bbox 125 2482 1174 2558; baseline -0.001 -24"><span class='ocrx_word' id='word_1_159' title='bbox 125 2483 256 2536; x_wconf 81' lang='lat' dir='ltr'><strong>immixtas</strong></span> <span class='ocrx_word' id='word_1_160' title='bbox 273 2503 338 2536; x_wconf 91' lang='lat' dir='ltr'><strong>cono</strong></span> <span class='ocrx_word' id='word_1_161' title='bbox 355 2503 432 2558; x_wconf 85' lang='lat' dir='ltr'><strong>super</strong></span> <span class='ocrx_word' id='word_1_162' title='bbox 450 2485 553 2557; x_wconf 80' lang='lat' dir='ltr'><strong>adspice</strong></span> <span class='ocrx_word' id='word_1_163' title='bbox 570 2483 628 2536; x_wconf 86' lang='lat' dir='ltr'><strong>Ian-</strong></span> <span class='ocrx_word' id='word_1_164' title='bbox 672 2482 815 2554; x_wconf 82' lang='lat' dir='ltr'><strong>Apollonio</strong></span> <span class='ocrx_word' id='word_1_165' title='bbox 834 2484 936 2556; x_wconf 89' lang='lat' dir='ltr'><strong>Iphitus</strong></span> <span class='ocrx_word' id='word_1_166' title='bbox 955 2482 1015 2549; x_wconf 88' lang='lat' dir='ltr'><strong>ille,</strong></span> <span class='ocrx_word' id='word_1_167' title='bbox 1034 2486 1174 2554; x_wconf 84' lang='lat' dir='ltr'><strong>Argonau-</strong></span> 
     </span>
     <span class='ocr_line' id='line_1_23' title="bbox 124 2561 1175 2635; baseline -0.001 -21"><span class='ocrx_word' id='word_1_168' title='bbox 124 2580 176 2630; x_wconf 82' lang='lat' dir='ltr'><strong>tas,</strong></span> <span class='ocrx_word' id='word_1_169' title='bbox 191 2577 243 2614; x_wconf 88' lang='lat' dir='ltr'><strong>etc.</strong></span> <span class='ocrx_word' id='word_1_170' title='bbox 260 2563 300 2613; x_wconf 87' lang='lat' dir='ltr'><strong>Ita</strong></span> <span class='ocrx_word' id='word_1_171' title='bbox 313 2561 464 2615; x_wconf 87' lang='lat' dir='ltr'><strong>Phocenses</strong></span> <span class='ocrx_word' id='word_1_172' title='bbox 476 2581 504 2615; x_wconf 89' lang='lat' dir='ltr'><strong>se</strong></span> <span class='ocrx_word' id='word_1_173' title='bbox 516 2562 626 2615; x_wconf 85' lang='lat' dir='ltr'><strong>devotos</strong></span> <span class='ocrx_word' id='word_1_174' title='bbox 673 2575 758 2613; x_wconf 90' lang='lat' dir='ltr'><strong>tarum</strong></span> <span class='ocrx_word' id='word_1_175' title='bbox 784 2565 887 2630; x_wconf 80' lang='lat' dir='ltr'><strong>socius,</strong></span> <span class='ocrx_word' id='word_1_176' title='bbox 912 2563 982 2615; x_wconf 84' lang='lat' dir='ltr'><strong>filius</strong></span> <span class='ocrx_word' id='word_1_177' title='bbox 1003 2576 1061 2616; x_wconf 89' lang='lat' dir='ltr'><strong>erat</strong></span> <span class='ocrx_word' id='word_1_178' title='bbox 1083 2563 1175 2635; x_wconf 58' lang='lat' dir='ltr'><strong>Euryti</strong></span> 
     </span>
     <span class='ocr_line' id='line_1_24' title="bbox 124 2640 1175 2714; baseline -0.001 -20"><span class='ocrx_word' id='word_1_179' title='bbox 124 2640 241 2712; x_wconf 77' lang='lat' dir='ltr'><strong>Apollini</strong></span> <span class='ocrx_word' id='word_1_180' title='bbox 250 2640 486 2710; x_wconf 76' lang='lat' dir='ltr'><strong>demonstrabant,</strong></span> <span class='ocrx_word' id='word_1_181' title='bbox 498 2656 528 2694; x_wconf 87' lang='lat' dir='ltr'><strong>ut</strong></span> <span class='ocrx_word' id='word_1_182' title='bbox 537 2657 563 2694; x_wconf 90' lang='lat' dir='ltr'><strong>et</strong></span> <span class='ocrx_word' id='word_1_183' title='bbox 572 2641 628 2695; x_wconf 91' lang='lat' dir='ltr'><strong>lau·</strong></span> <span class='ocrx_word' id='word_1_184' title='bbox 671 2640 805 2693; x_wconf 83' lang='lat' dir='ltr'><strong>OEchaliae</strong></span> <span class='ocrx_word' id='word_1_185' title='bbox 815 2644 893 2713; x_wconf 83' lang='lat' dir='ltr'><strong>regis.</strong></span> <span class='ocrx_word' id='word_1_186' title='bbox 901 2670 937 2682; x_wconf 85' lang='lat'><strong>—</strong></span> <span class='ocrx_word' id='word_1_187' title='bbox 945 2643 985 2693; x_wconf 91' lang='lat' dir='ltr'><strong>De</strong></span> <span class='ocrx_word' id='word_1_188' title='bbox 995 2661 1048 2714; x_wconf 88' lang='lat' dir='ltr'><strong>quo</strong></span> <span class='ocrx_word' id='word_1_189' title='bbox 1060 2641 1119 2694; x_wconf 81' lang='lat' dir='ltr'><strong>vide</strong></span> <span class='ocrx_word' id='word_1_190' title='bbox 1128 2643 1175 2694; x_wconf 86' lang='lat' dir='ltr'><strong>Ca·</strong></span> 
     </span>
     <span class='ocr_line' id='line_1_25' title="bbox 126 2720 1175 2793; baseline 0.002 -21"><span class='ocrx_word' id='word_1_191' title='bbox 126 2739 155 2772; x_wconf 88' lang='lat' dir='ltr'><strong>ro</strong></span> <span class='ocrx_word' id='word_1_192' title='bbox 175 2723 299 2773; x_wconf 86' lang='lat' dir='ltr'><strong>coronati</strong></span> <span class='ocrx_word' id='word_1_193' title='bbox 320 2720 488 2788; x_wconf 81' lang='lat' dir='ltr'><strong>incederent,</strong></span> <span class='ocrx_word' id='word_1_194' title='bbox 506 2736 628 2793; x_wconf 80' lang='lat' dir='ltr'><strong>gererent</strong></span> <span class='ocrx_word' id='word_1_195' title='bbox 672 2720 789 2791; x_wconf 85' lang='lat' dir='ltr'><strong>talogum</strong></span> <span class='ocrx_word' id='word_1_196' title='bbox 799 2723 1175 2793; x_wconf 79' lang='lat' dir='ltr'><strong>ArgonautarumaBurmau-</strong></span> 
     </span>
     <span class='ocr_line' id='line_1_26' title="bbox 127 2799 1173 2871; baseline 0.003 -21"><span class='ocrx_word' id='word_1_197' title='bbox 127 2799 288 2871; x_wconf 86' lang='lat' dir='ltr'><strong>insculptum</strong></span> <span class='ocrx_word' id='word_1_198' title='bbox 301 2800 344 2851; x_wconf 88' lang='lat' dir='ltr'><strong>vel</strong></span> <span class='ocrx_word' id='word_1_199' title='bbox 357 2802 629 2871; x_wconf 86' lang='lat' dir='ltr'><strong>pictnmsoutisinsi·</strong></span> <span class='ocrx_word' id='word_1_200' title='bbox 672 2818 708 2850; x_wconf 90' lang='lat' dir='ltr'><strong>uo</strong></span> <span class='ocrx_word' id='word_1_201' title='bbox 732 2799 892 2863; x_wconf 68' lang='lat' dir='ltr'><strong>collectum</strong></span> <span class='ocrx_word' id='word_1_202' title='bbox 915 2813 984 2852; x_wconf 85' lang='lat' dir='ltr'><strong>nost.</strong></span> <span class='ocrx_word' id='word_1_203' title='bbox 1006 2801 1063 2852; x_wconf 87' lang='lat' dir='ltr'><strong>Val.</strong></span> <span class='ocrx_word' id='word_1_204' title='bbox 1087 2801 1173 2853; x_wconf 87' lang='lat' dir='ltr'><strong>Flacc.</strong></span> 
     </span>
     <span class='ocr_line' id='line_1_27' title="bbox 127 2877 1113 2952; baseline 0 -21"><span class='ocrx_word' id='word_1_205' title='bbox 127 2896 177 2947; x_wconf 74' lang='lat' dir='ltr'><strong>gua</strong></span> <span class='ocrx_word' id='word_1_206' title='bbox 188 2877 300 2951; x_wconf 85' lang='lat' dir='ltr'><strong>aliquod</strong></span> <span class='ocrx_word' id='word_1_207' title='bbox 311 2878 415 2931; x_wconf 86' lang='lat' dir='ltr'><strong>facinus</strong></span> <span class='ocrx_word' id='word_1_208' title='bbox 429 2878 577 2950; x_wconf 79' lang='lat' dir='ltr'><strong>Apollinis,</strong></span> <span class='ocrx_word' id='word_1_209' title='bbox 586 2880 628 2933; x_wconf 89' lang='lat' dir='ltr'><strong>vel</strong></span> <span class='ocrx_word' id='word_1_210' title='bbox 672 2893 737 2931; x_wconf 88' lang='lat' dir='ltr'><strong>tom.</strong></span> <span class='ocrx_word' id='word_1_211' title='bbox 753 2880 792 2944; x_wconf 84' lang='lat'><strong>11,</strong></span> <span class='ocrx_word' id='word_1_212' title='bbox 807 2898 868 2952; x_wconf 90' lang='lat' dir='ltr'><strong>pag.</strong></span> <span class='ocrx_word' id='word_1_213' title='bbox 884 2881 935 2950; x_wconf 87' lang='lat'><strong>387</strong></span> <span class='ocrx_word' id='word_1_214' title='bbox 951 2894 1048 2952; x_wconf 85' lang='lat' dir='ltr'><strong>etseq.</strong></span> <span class='ocrx_word' id='word_1_215' title='bbox 1066 2881 1113 2932; x_wconf 88' lang='lat' dir='ltr'><strong>En.</strong></span> 
     </span>
     <span class='ocr_line' id='line_1_28' title="bbox 128 2955 1175 3031; baseline 0.002 -23"><span class='ocrx_word' id='word_1_216' title='bbox 128 2957 222 3031; x_wconf 72' lang='lat' dir='ltr'><strong>Tityon</strong></span> <span class='ocrx_word' id='word_1_217' title='bbox 237 2959 338 3028; x_wconf 74' lang='lat' dir='ltr'><strong>sagittis</strong></span> <span class='ocrx_word' id='word_1_218' title='bbox 357 2958 512 3011; x_wconf 79' lang='lat' dir='ltr'><strong>confossum</strong></span> <span class='ocrx_word' id='word_1_219' title='bbox 527 2959 561 3011; x_wconf 92' lang='lat' dir='ltr'><strong>ob</strong></span> <span class='ocrx_word' id='word_1_220' title='bbox 576 2961 629 3011; x_wconf 86' lang='lat' dir='ltr'><strong>vim</strong></span> <span class='ocrx_word' id='word_1_221' title='bbox 709 2955 769 3011; x_wconf 91' lang='grc'>355.</span> <span class='ocrx_word' id='word_1_222' title='bbox 795 2955 940 3010; x_wconf 82' lang='lat' dir='ltr'><strong>Naubolus.</strong></span> <span class='ocrx_word' id='word_1_223' title='bbox 964 2956 1101 3011; x_wconf 76' lang='lat' dir='ltr'><strong>Naubolus</strong></span> <span class='ocrx_word' id='word_1_224' title='bbox 1125 2961 1175 3010; x_wconf 87' lang='lat' dir='ltr'><strong>Be·</strong></span> 
     </span>
     <span class='ocr_line' id='line_1_29' title="bbox 128 3034 819 3104; baseline 0.003 -18"><span class='ocrx_word' id='word_1_225' title='bbox 128 3035 225 3090; x_wconf 88' lang='lat' dir='ltr'><strong>illatam</strong></span> <span class='ocrx_word' id='word_1_226' title='bbox 244 3038 352 3089; x_wconf 73' lang='lat' dir='ltr'><strong>latonae</strong></span> <span class='ocrx_word' id='word_1_227' title='bbox 370 3038 462 3104; x_wconf 87' lang='lat' dir='ltr'><strong>matri,</strong></span> <span class='ocrx_word' id='word_1_228' title='bbox 482 3037 524 3089; x_wconf 83' lang='lat' dir='ltr'><strong>vel</strong></span> <span class='ocrx_word' id='word_1_229' title='bbox 543 3038 630 3090; x_wconf 87' lang='lat' dir='ltr'><strong>Delon</strong></span> <span class='ocrx_word' id='word_1_230' title='bbox 674 3034 743 3087; x_wconf 91' lang='lat' dir='ltr'><strong>hott.</strong></span> <span class='ocrx_word' id='word_1_231' title='bbox 759 3054 782 3100; x_wconf 83' lang='lat' dir='ltr'><strong>r,</strong></span> <span class='ocrx_word' id='word_1_232' title='bbox 796 3053 819 3088; x_wconf 87' lang='lat'><strong>2.</strong></span> 
     </span>
    </p>

    <p class='ocr_par' dir='ltr' id='par_1_12' title="bbox 132 3113 1175 3344">
     <span class='ocr_line' id='line_1_30' title="bbox 132 3113 1175 3187; baseline -0.003 -19"><span class='ocrx_word' id='word_1_233' title='bbox 132 3115 240 3168; x_wconf 81' lang='lat' dir='ltr'><strong>insulam</strong></span> <span class='ocrx_word' id='word_1_234' title='bbox 268 3115 390 3168; x_wconf 87' lang='lat' dir='ltr'><strong>stabilem</strong></span> <span class='ocrx_word' id='word_1_235' title='bbox 416 3129 442 3168; x_wconf 84' lang='lat' dir='ltr'><strong>et</strong></span> <span class='ocrx_word' id='word_1_236' title='bbox 466 3116 629 3170; x_wconf 87' lang='lat' dir='ltr'><strong>immobilem</strong></span> <span class='ocrx_word' id='word_1_237' title='bbox 710 3114 771 3168; x_wconf 90' lang='grc'>356.</span> <span class='ocrx_word' id='word_1_238' title='bbox 800 3117 946 3187; x_wconf 81' lang='lat' dir='ltr'><strong>Securaqae</strong></span> <span class='ocrx_word' id='word_1_239' title='bbox 978 3113 1034 3167; x_wconf 86' lang='lat' dir='ltr'><strong>lora</strong></span> <span class='ocrx_word' id='word_1_240' title='bbox 1066 3114 1175 3166; x_wconf 86' lang='lat' dir='ltr'><strong>tenebat.</strong></span> 
     </span>
     <span class='ocr_line' id='line_1_31' title="bbox 133 3193 1174 3265; baseline -0.004 -17"><span class='ocrx_word' id='word_1_241' title='bbox 133 3195 274 3263; x_wconf 82' lang='lat' dir='ltr'><strong>redditam,</strong></span> <span class='ocrx_word' id='word_1_242' title='bbox 289 3196 331 3249; x_wconf 84' lang='lat' dir='ltr'><strong>vel</strong></span> <span class='ocrx_word' id='word_1_243' title='bbox 347 3197 447 3250; x_wconf 86' lang='lat' dir='ltr'><strong>Niobes</strong></span> <span class='ocrx_word' id='word_1_244' title='bbox 463 3197 560 3251; x_wconf 88' lang='lat' dir='ltr'><strong>liberos</strong></span> <span class='ocrx_word' id='word_1_245' title='bbox 571 3198 630 3251; x_wconf 89' lang='lat' dir='ltr'><strong>telis</strong></span> <span class='ocrx_word' id='word_1_246' title='bbox 674 3193 759 3247; x_wconf 87' lang='lat' dir='ltr'><strong>Codd.</strong></span> <span class='ocrx_word' id='word_1_247' title='bbox 778 3193 984 3265; x_wconf 75' lang='lat' dir='ltr'><strong>Lindeubrogiiz</strong></span> <span class='ocrx_word' id='word_1_248' title='bbox 1003 3193 1059 3245; x_wconf 88' lang='lat' dir='ltr'><strong>lora</strong></span> <span class='ocrx_word' id='word_1_249' title='bbox 1073 3193 1174 3245; x_wconf 86' lang='lat' dir='ltr'><strong>terebat.</strong></span> 
     </span>
     <span class='ocr_line' id='line_1_32' title="bbox 136 3269 1175 3344; baseline -0.008 -15"><span class='ocrx_word' id='word_1_250' title='bbox 136 3276 183 3344; x_wconf 72' lang='lat' dir='ltr'><strong>ejus</strong></span> <span class='ocrx_word' id='word_1_251' title='bbox 197 3276 342 3329; x_wconf 53' lang='lat' dir='ltr'><strong>confixos(</strong></span> <span class='ocrx_word' id='word_1_252' title='bbox 673 3302 710 3310; x_wconf 93' lang='lat'>-</span> <span class='ocrx_word' id='word_1_253' title='bbox 719 3274 782 3343; x_wconf 85' lang='lat' dir='ltr'><strong>Bag.</strong></span> <span class='ocrx_word' id='word_1_254' title='bbox 796 3274 831 3338; x_wconf 84' lang='lat' dir='ltr'><strong>B,</strong></span> <span class='ocrx_word' id='word_1_255' title='bbox 843 3289 980 3344; x_wconf 76' lang='lat' dir='ltr'><strong>securaque</strong></span> <span class='ocrx_word' id='word_1_256' title='bbox 991 3269 1047 3322; x_wconf 87' lang='lat' dir='ltr'><strong>lora</strong></span> <span class='ocrx_word' id='word_1_257' title='bbox 1059 3272 1175 3323; x_wconf 86' lang='lat' dir='ltr'><strong>tenebam</strong></span> 
     </span>
    </p>

    <p class='ocr_par' dir='ltr' id='par_1_13' title="bbox 139 3350 1177 3583">
     <span class='ocr_line' id='line_1_33' title="bbox 165 3350 1177 3430; baseline -0.006 -22"><span class='ocrx_word' id='word_1_258' title='bbox 165 3357 223 3410; x_wconf 79' lang='lat'><strong>352.</strong></span> <span class='ocrx_word' id='word_1_259' title='bbox 246 3357 324 3427; x_wconf 83' lang='lat' dir='ltr'><strong>Quas.</strong></span> <span class='ocrx_word' id='word_1_260' title='bbox 342 3356 450 3427; x_wconf 73' lang='lat' dir='ltr'><strong>Cori-ige</strong></span> <span class='ocrx_word' id='word_1_261' title='bbox 470 3357 554 3430; x_wconf 77' lang='lat' dir='ltr'><strong>queis,</strong></span> <span class='ocrx_word' id='word_1_262' title='bbox 568 3358 585 3408; x_wconf 87' lang='lat' dir='ltr'><strong>i.</strong></span> <span class='ocrx_word' id='word_1_263' title='bbox 605 3376 628 3408; x_wconf 91' lang='lat' dir='ltr'><strong>e.</strong></span> <span class='ocrx_word' id='word_1_264' title='bbox 674 3350 772 3415; x_wconf 89' lang='lat' dir='ltr'><strong>habet;</strong></span> <span class='ocrx_word' id='word_1_265' title='bbox 791 3354 853 3423; x_wconf 81' lang='lat' dir='ltr'><strong>lieg.</strong></span> <span class='ocrx_word' id='word_1_266' title='bbox 873 3352 979 3404; x_wconf 87' lang='lat' dir='ltr'><strong>Cuost.</strong></span> <span class='ocrx_word' id='word_1_267' title='bbox 999 3351 1060 3403; x_wconf 85' lang='lat' dir='ltr'><strong>lect.</strong></span> <span class='ocrx_word' id='word_1_268' title='bbox 1079 3354 1125 3403; x_wconf 86' lang='lat' dir='ltr'><strong>Eu.</strong></span> <span class='ocrx_word' id='word_1_269' title='bbox 1141 3378 1177 3391; x_wconf 78' lang='lat'><strong>-·</strong></span> 
     </span>
     <span class='ocr_line' id='line_1_34' title="bbox 139 3430 1177 3507; baseline -0.006 -19"><span class='ocrx_word' id='word_1_270' title='bbox 139 3435 231 3501; x_wconf 69' lang='lat' dir='ltr'><strong>palem</strong></span> <span class='ocrx_word' id='word_1_271' title='bbox 238 3435 355 3488; x_wconf 80' lang='lat' dir='ltr'><strong>Niobes:</strong></span> <span class='ocrx_word' id='word_1_272' title='bbox 366 3438 392 3487; x_wconf 91' lang='lat' dir='ltr'><strong>in</strong></span> <span class='ocrx_word' id='word_1_273' title='bbox 405 3453 554 3506; x_wconf 87' lang='lat' dir='ltr'><strong>quamsuas</strong></span> <span class='ocrx_word' id='word_1_274' title='bbox 563 3435 630 3507; x_wconf 90' lang='lat' dir='ltr'><strong>pha·</strong></span> <span class='ocrx_word' id='word_1_275' title='bbox 674 3433 778 3486; x_wconf 84' lang='lat' dir='ltr'><strong>Secura.</strong></span> <span class='ocrx_word' id='word_1_276' title='bbox 798 3435 868 3502; x_wconf 84' lang='lat' dir='ltr'><strong>Quia</strong></span> <span class='ocrx_word' id='word_1_277' title='bbox 884 3445 948 3485; x_wconf 87' lang='lat' dir='ltr'><strong>tunc</strong></span> <span class='ocrx_word' id='word_1_278' title='bbox 967 3434 1093 3503; x_wconf 85' lang='lat' dir='ltr'><strong>temporis</strong></span> <span class='ocrx_word' id='word_1_279' title='bbox 1111 3430 1177 3482; x_wconf 89' lang='lat' dir='ltr'><strong>nihil</strong></span> 
     </span>
     <span class='ocr_line' id='line_1_35' title="bbox 140 3509 1106 3583; baseline -0.003 -21"><span class='ocrx_word' id='word_1_280' title='bbox 140 3525 209 3567; x_wconf 73' lang='lat' dir='ltr'><strong>renas</strong></span> <span class='ocrx_word' id='word_1_281' title='bbox 222 3514 351 3567; x_wconf 84' lang='lat' dir='ltr'><strong>exhausit.</strong></span> <span class='ocrx_word' id='word_1_282' title='bbox 371 3518 544 3567; x_wconf 75' lang='lat' dir='ltr'><strong>Pumanunus.</strong></span> <span class='ocrx_word' id='word_1_283' title='bbox 674 3511 739 3564; x_wconf 90' lang='lat' dir='ltr'><strong>Laio</strong></span> <span class='ocrx_word' id='word_1_284' title='bbox 751 3513 875 3579; x_wconf 77' lang='lat' dir='ltr'><strong>timebat,</strong></span> <span class='ocrx_word' id='word_1_285' title='bbox 889 3531 969 3583; x_wconf 89' lang='lat' dir='ltr'><strong>quem</strong></span> <span class='ocrx_word' id='word_1_286' title='bbox 982 3509 1106 3560; x_wconf 87' lang='lat' dir='ltr'><strong>ducebat.</strong></span> 
     </span>
    </p>

    <p class='ocr_par' dir='ltr' id='par_1_14' title="bbox 143 3587 1178 3820">
     <span class='ocr_line' id='line_1_36' title="bbox 168 3587 1178 3664; baseline -0.006 -20"><span class='ocrx_word' id='word_1_287' title='bbox 168 3592 223 3646; x_wconf 93' lang='grc'>353.</span> <span class='ocrx_word' id='word_1_288' title='bbox 244 3594 298 3645; x_wconf 86' lang='lat' dir='ltr'><strong>Hic</strong></span> <span class='ocrx_word' id='word_1_289' title='bbox 307 3595 376 3645; x_wconf 88' lang='lat' dir='ltr'><strong>Deus</strong></span> <span class='ocrx_word' id='word_1_290' title='bbox 385 3595 522 3645; x_wconf 86' lang='lat' dir='ltr'><strong>innumera</strong></span> <span class='ocrx_word' id='word_1_291' title='bbox 532 3592 631 3664; x_wconf 68' lang='lat' dir='ltr'><strong>hxuuit</strong></span> <span class='ocrx_word' id='word_1_292' title='bbox 711 3589 771 3660; x_wconf 83' lang='lat'><strong>357.</strong></span> <span class='ocrx_word' id='word_1_293' title='bbox 793 3593 879 3661; x_wconf 85' lang='lat' dir='ltr'><strong>Quum</strong></span> <span class='ocrx_word' id='word_1_294' title='bbox 895 3599 940 3640; x_wconf 91' lang='lat' dir='ltr'><strong>tua</strong></span> <span class='ocrx_word' id='word_1_295' title='bbox 954 3587 1076 3641; x_wconf 83' lang='lat' dir='ltr'><strong>conuulsa</strong></span> <span class='ocrx_word' id='word_1_296' title='bbox 1088 3604 1178 3639; x_wconf 77' lang='lat' dir='ltr'><strong>euwa-</strong></span> 
     </span>
     <span class='ocr_line' id='line_1_37' title="bbox 143 3664 1178 3744; baseline -0.007 -20"><span class='ocrx_word' id='word_1_297' title='bbox 143 3673 196 3724; x_wconf 74' lang='lat' dir='ltr'><strong>ude</strong></span> <span class='ocrx_word' id='word_1_298' title='bbox 203 3673 346 3744; x_wconf 86' lang='lat' dir='ltr'><strong>pharetras.</strong></span> <span class='ocrx_word' id='word_1_299' title='bbox 361 3672 414 3722; x_wconf 86' lang='lat' dir='ltr'><strong>IIic</strong></span> <span class='ocrx_word' id='word_1_300' title='bbox 426 3672 496 3724; x_wconf 89' lang='lat' dir='ltr'><strong>Deus</strong></span> <span class='ocrx_word' id='word_1_301' title='bbox 508 3671 630 3723; x_wconf 88' lang='lat' dir='ltr'><strong>innume·</strong></span> <span class='ocrx_word' id='word_1_302' title='bbox 676 3666 708 3721; x_wconf 88' lang='lat' dir='ltr'><strong>tis</strong></span> <span class='ocrx_word' id='word_1_303' title='bbox 719 3669 815 3721; x_wconf 88' lang='lat' dir='ltr'><strong>Ictibus</strong></span> <span class='ocrx_word' id='word_1_304' title='bbox 828 3669 922 3720; x_wconf 83' lang='lat' dir='ltr'><strong>cervix.</strong></span> <span class='ocrx_word' id='word_1_305' title='bbox 935 3665 1001 3718; x_wconf 90' lang='lat' dir='ltr'><strong>Vide</strong></span> <span class='ocrx_word' id='word_1_306' title='bbox 1011 3664 1140 3717; x_wconf 86' lang='lat' dir='ltr'><strong>Thebaid.</strong></span> <span class='ocrx_word' id='word_1_307' title='bbox 1152 3669 1178 3734; x_wconf 87' lang='lat'><strong>1,</strong></span> 
     </span>
     <span class='ocr_line' id='line_1_38' title="bbox 144 3745 1175 3820; baseline -0.008 -18"><span class='ocrx_word' id='word_1_308' title='bbox 144 3759 173 3799; x_wconf 70' lang='lat' dir='ltr'><strong>&#39;tt</strong></span> <span class='ocrx_word' id='word_1_309' title='bbox 181 3749 271 3803; x_wconf 85' lang='lat' dir='ltr'><strong>Behot.</strong></span> <span class='ocrx_word' id='word_1_310' title='bbox 288 3767 311 3817; x_wconf 86' lang='lat'><strong>1,</strong></span> <span class='ocrx_word' id='word_1_311' title='bbox 325 3752 382 3802; x_wconf 89' lang='lat' dir='ltr'><strong>Put.</strong></span> <span class='ocrx_word' id='word_1_312' title='bbox 399 3763 426 3802; x_wconf 90' lang='lat' dir='ltr'><strong>et</strong></span> <span class='ocrx_word' id='word_1_313' title='bbox 436 3750 505 3802; x_wconf 86' lang='lat' dir='ltr'><strong>Dan.</strong></span> <span class='ocrx_word' id='word_1_314' title='bbox 517 3778 553 3791; x_wconf 86' lang='lat'>-</span> <span class='ocrx_word' id='word_1_315' title='bbox 564 3752 629 3820; x_wconf 84' lang='lat' dir='ltr'><strong>Reg.</strong></span> <span class='ocrx_word' id='word_1_316' title='bbox 646 3780 653 3791; x_wconf 46' lang='grc' dir='ltr'><em>κ</em></span> <span class='ocrx_word' id='word_1_317' title='bbox 675 3747 722 3800; x_wconf 84' lang='lat'><strong>65:</strong></span> <span class='ocrx_word' id='word_1_318' title='bbox 736 3749 881 3819; x_wconf 76' lang='lat' dir='ltr'><strong>«secuique</strong></span> <span class='ocrx_word' id='word_1_319' title='bbox 889 3746 1006 3798; x_wconf 87' lang='lat' dir='ltr'><strong>timentis</strong></span> <span class='ocrx_word' id='word_1_320' title='bbox 1013 3745 1066 3795; x_wconf 85' lang='lat' dir='ltr'><strong>Ora</strong></span> <span class='ocrx_word' id='word_1_321' title='bbox 1075 3746 1175 3797; x_wconf 71' lang='lat' dir='ltr'><strong>senis.-</strong></span> 
     </span>
    </p>

    <p class='ocr_par' dir='ltr' id='par_1_15' title="bbox 74 3820 1178 4059">
     <span class='ocr_line' id='line_1_39' title="bbox 74 3820 1178 3896; baseline -0.008 -13"><span class='ocrx_word' id='word_1_322' title='bbox 74 3826 76 3835; x_wconf 78' lang='lat'>&#39;</span> <span class='ocrx_word' id='word_1_323' title='bbox 144 3820 170 3890; x_wconf 73' lang='grc' dir='ltr'><strong>Β,</strong></span> <span class='ocrx_word' id='word_1_324' title='bbox 189 3831 241 3882; x_wconf 85' lang='lat' dir='ltr'><strong>Hic</strong></span> <span class='ocrx_word' id='word_1_325' title='bbox 264 3831 335 3882; x_wconf 80' lang='lat' dir='ltr'><strong>Deus</strong></span> <span class='ocrx_word' id='word_1_326' title='bbox 354 3830 503 3881; x_wconf 87' lang='lat' dir='ltr'><strong>innumeras</strong></span> <span class='ocrx_word' id='word_1_327' title='bbox 527 3828 632 3881; x_wconf 85' lang='lat' dir='ltr'><strong>lassavit</strong></span> <span class='ocrx_word' id='word_1_328' title='bbox 710 3826 771 3896; x_wconf 87' lang='grc'>359.</span> <span class='ocrx_word' id='word_1_329' title='bbox 792 3826 917 3878; x_wconf 84' lang='lat' dir='ltr'><strong>Dicentis.</strong></span> <span class='ocrx_word' id='word_1_330' title='bbox 938 3824 1044 3875; x_wconf 82' lang='lat' dir='ltr'><strong>Dicenti</strong></span> <span class='ocrx_word' id='word_1_331' title='bbox 1061 3826 1120 3877; x_wconf 91' lang='lat' dir='ltr'><strong>Put.</strong></span> <span class='ocrx_word' id='word_1_332' title='bbox 1142 3853 1178 3864; x_wconf 90' lang='lat'><strong>—-</strong></span> 
     </span>
     <span class='ocr_line' id='line_1_40' title="bbox 145 3902 1175 3979; baseline 0 -23"><span class='ocrx_word' id='word_1_333' title='bbox 145 3904 198 3956; x_wconf 75' lang='lat' dir='ltr'><strong>tede</strong></span> <span class='ocrx_word' id='word_1_334' title='bbox 207 3907 343 3979; x_wconf 77' lang='lat' dir='ltr'><strong>pharetras</strong></span> <span class='ocrx_word' id='word_1_335' title='bbox 355 3905 451 3969; x_wconf 89' lang='lat' dir='ltr'><strong>habet;</strong></span> <span class='ocrx_word' id='word_1_336' title='bbox 466 3907 529 3977; x_wconf 85' lang='lat' dir='ltr'><strong>Reg.</strong></span> <span class='ocrx_word' id='word_1_337' title='bbox 542 3907 578 3973; x_wconf 85' lang='lat' dir='ltr'><strong>C,</strong></span> <span class='ocrx_word' id='word_1_338' title='bbox 593 3907 628 3958; x_wconf 81' lang='lat' dir='ltr'><strong>II.</strong></span> <span class='ocrx_word' id='word_1_339' title='bbox 674 3902 1175 3976; x_wconf 83' lang='lat' dir='ltr'><strong>Reg.Bhaucpraebetlectionem,Reg.</strong></span> 
     </span>
     <span class='ocr_line' id='line_1_41' title="bbox 144 3974 898 4059; baseline 0 -25"><span class='ocrx_word' id='word_1_340' title='bbox 144 3974 169 4028; x_wconf 74' lang='lat' dir='ltr'><strong>ll·</strong></span> <span class='ocrx_word' id='word_1_341' title='bbox 178 3985 311 4037; x_wconf 85' lang='lat' dir='ltr'><strong>innumera</strong></span> <span class='ocrx_word' id='word_1_342' title='bbox 323 3983 424 4037; x_wconf 83' lang='lat' dir='ltr'><strong>laxavit</strong></span> <span class='ocrx_word' id='word_1_343' title='bbox 436 4001 458 4035; x_wconf 93' lang='lat' dir='ltr'><strong>c.</strong></span> <span class='ocrx_word' id='word_1_344' title='bbox 473 3985 578 4059; x_wconf 68' lang='lat' dir='ltr'><strong>sagittas</strong></span> <span class='ocrx_word' id='word_1_345' title='bbox 589 4005 630 4037; x_wconf 84' lang='lat' dir='ltr'><strong>ex·</strong></span> <span class='ocrx_word' id='word_1_346' title='bbox 674 3984 695 4036; x_wconf 87' lang='lat' dir='ltr'>C</span> <span class='ocrx_word' id='word_1_347' title='bbox 707 3999 834 4038; x_wconf 88' lang='lat' dir='ltr'><strong>nostram.</strong></span> <span class='ocrx_word' id='word_1_348' title='bbox 853 3986 898 4035; x_wconf 84' lang='lat' dir='ltr'><strong>Eo.</strong></span> 
     </span>
    </p>

    <p class='ocr_par' dir='ltr' id='par_1_16' title="bbox 144 4049 1213 4133">
     <span class='ocr_line' id='line_1_42' title="bbox 144 4049 1213 4133; baseline 0 -21"><span class='ocrx_word' id='word_1_349' title='bbox 144 4049 477 4116; x_wconf 73' lang='lat' dir='ltr'><strong>hib01.un.-1naamera</strong></span> <span class='ocrx_word' id='word_1_350' title='bbox 493 4064 570 4118; x_wconf 86' lang='lat' dir='ltr'><strong>eoede.</strong></span> <span class='ocrx_word' id='word_1_351' title='bbox 586 4066 629 4116; x_wconf 81' lang='lat' dir='ltr'><strong>hi·</strong></span> <span class='ocrx_word' id='word_1_352' title='bbox 713 4064 771 4117; x_wconf 77' lang='lat'><strong>360.</strong></span> <span class='ocrx_word' id='word_1_353' title='bbox 792 4065 932 4133; x_wconf 65' lang='lat' dir='ltr'><strong>Repetul]</strong></span> <span class='ocrx_word' id='word_1_354' title='bbox 959 4061 1111 4117; x_wconf 72' lang='lat' dir='ltr'><strong>adverbium</strong></span> <span class='ocrx_word' id='word_1_355' title='bbox 1126 4082 1177 4132; x_wconf 92' lang='lat' dir='ltr'><strong>po·</strong></span> <span class='ocrx_word' id='word_1_356' title='bbox 1212 4088 1213 4092; x_wconf 59' lang='lat'><em>=</em></span> 
     </span>
    </p>
   </div>
   <div class='ocr_carea' id='block_1_6' title="bbox 0 0 1322 4792">
    <p class='ocr_par' dir='ltr' id='par_1_17' title="bbox 0 0 1322 4792">
     <span class='ocr_line' id='line_1_43' title="bbox 0 0 1322 4792; baseline 0 0"><span class='ocrx_word' id='word_1_357' title='bbox 0 0 1322 4792; x_wconf 95' lang='lat' dir='ltr'><strong> </strong></span> 
     </span>
    </p>
   </div>
  </div>
 </body>
</html>
